|0000|009|0|01122015|31122015|JOSE LUIS RISCO BERT-EIRELI|08760491000180||AL|241070686|2704302|900765534||A|1|
|0001|0|
|0005|WANCHAKO RESTAURANTE|57035680|Rua SAO FRANCISCO DE ASSIS|93||JATIUCA|8233776024||wanchako@wanchako.com.br|
|0100|SUELY PEREIRA DA SILVA|59421096487|AL007838O5||57035680|RUA SAO FRANCISCO DE ASSIS|93||JATIUCA|||diferencialcontabil@hotmail.com|2704302|
|0150|CLI000000171|SUCDEN DO BRASIL LTDA|01058|00308337000160||114335065110|3550308||AV. PRESIDENTE JUSCELINO KUBITSCHECK,  1|S/N||ATAIM BIBI|
|0150|CLI000000208|PAULO HENRIQUE RAMOS PIMENTEL SANTOS|01058||00746486405||2704302||RUA DEP. JOSE LAGES,  246|S/N||PONTA VERDE|
|0150|CLI000000235|MACEIO PILOTS - EMPRESA DE PRATICAGEM DO|01058|02277878000102|||2704302||AV. DA PAZ,  1388|S/N||CENTRO|
|0150|CLI000000351|RODRIGO DA CRUZ GOUVEIA DE ALMEIDA|01058||81901348415||2611606||RUA NETO DE MENDONÇA,  165/1201|S/N||TAMARINEIRA|
|0150|CLI000000352|MARCO ANTONIO CIONE|01058||16718827843||3556701||AV. MANGA LARGA,  234|S/N||VINHEDO|
|0150|CLI000000353|RODRIGO DE ARAUJO FREITAS RESENDE|01058||03364299676||5300108||SCN Q 04 BLOCO B,  204/02|S/N||ASA NORTE|
|0150|CLI000000354|BRADESCO AUTO/RE COMPANHIA DE SEGUROS|01058|92682038018904|||2704302||RUA DO IMPERADOR,  272|S/N||CENTRO|
|0150|CLI000000355|PAULA FERNANDA C. ABRÃO|01058||31663274878||3550308||RUA PAIM,  363/1901|S/N||BELA VISTA|
|0150|CLI000000356|ADIR DE ABREU|01058||51677040904||2704302||RUA PROFESSOR NABUCO LOPES,  171/701|S/N||JATIUCA|
|0150|CLI000000357|TADEU ALVES|01058||81760310891||3550308||AV. FARIA LIMA,  1234/13|S/N||PINHEIROS|
|0150|CLI000000358|NILTON JOAO GOMES DE LIMA JUNIOR|01058||46405283453||2611606||RUA TELES JUNIOR,  350/2001|S/N||AFLITOS|
|0150|CLI000000359|JOSE EDILSON FARIAS FILHO|01058||03079364490||2704302||AV. PROF. VITAL BARBOSA,  395|S/N||PONTA VERDE|
|0150|CLI000000360|PORTO MARINHO LTDA|01058|08583489000183|||2611606||RUA DOMINGOS JOSE MARTINS,  75/504|S/N||BAIRRO DE RECIFE|
|0150|CLI000000361|MARIANGELA LANDNER|01058||40904717020||3304557||RUA GUILHERME MARCONI,  80/208|S/N||CENTRO|
|0150|CLI000000362|SANDRA TELMA DE ARAUJO|01058||57892172491||2611606||RUA FRANCISCO DA CUNHA,  1810|S/N||BOA VIAGEM|
|0150|CLI000000363|HELENA SPIELER|01058||29893893852||3550308||RUA DO ROCIO,  291|S/N||VILA OLIMPIA|
|0150|CLI000000364|YURI VIEIRA GANZAGA|01058||05426212406||3529005||AV. SIGISMUNDO NUNES DE OLIVEIRA,  570/2|S/N||JARDIM NAZARÉ|
|0150|CLI000000365|AGENCIA DE FOMENTO DE ALAGOAS|01058|10769660000195|||2704302||RUA DR. ANTONIO CANSANÇÃO,  465|S/N||PONTA VERDE|
|0150|CLI000000366|LEONARDO FIGUEIREDO|01058||81942931468||2704302||RUA PROF. VITAL BARBOSA,  S/N|S/N||PONTA VERDE|
|0150|CLI000000367|JOAO BATISTA NETO|01058||08744211449||2704302||RUA BARÃO JOSE MIGUEL,  151/1301|S/N||FAROL|
|0150|CLI000000368|MARCOS ANTONIO F. CASEIRA|01058||20183747704||2704302||RUA SÃO FRANCISCO DE ASSIS,  363/304|S/N||JATIUCA|
|0150|CLI000000369|EMERSON DE MELO TENÓRIO|01058||00332089487||2704302||AV. COMENDADOR GUSTAVO PAIVA,  2541|S/N||MANGABEIRAS|
|0150|FOR000000036|DAPAL - DIST. ALAGOANA DE PROD. ALIM. LT|01058|11919123000147||240722833|2704302||AVENIDA MUNIZ FALCAO,   181,|S/N||BARRO DURO|
|0150|FOR000000051|Fruts Ind. e Com. De Gel De Al. Ltda - F|01058|08511719000107||240668910|2704302||AV MOREIRA E SILVA,   676,|S/N||FAROL|
|0150|FOR000000054|GOLD CAFES LTDA - ME|01058|08695037000193||248538276|2704302||RUA JORNALISTA AUGUSTO VAZ FILHO,   888,|S/N||PINHEIRO|
|0150|FOR000000071|LEONARDO FALCAO VALENCIA BARROS|01058||00744114462||2704302||RUA HELIO PRADINES|391|APTO 301||
|0150|FOR000000121|VERDES MARES DISTRIBUIDORA LTDA.|01058|02865831000151||240953207|2704302||LOTEAMENTO CASA FORTE QD D,   5423,   QU|S/N||ANTARES|
|0150|FOR000000135|CENCOSUD BRASIL COMERCIAL LTDA L084|01058|39346861008650||241067561|2704302||RUA ENG PAULO BRANDAO NOGUEIRA,   S/N,|S/N||JATIUCA|
|0150|FOR000000137|WAL MART BRASIL LTDA|01058|00063960005160||241056373|2704302||AV COMENDADOR GUSTAVO PAIVA,   2650,   B|S/N||MANGABEIDAS|
|0150|FOR000000138|CIA BRASILEIRA DE DISTRIBUICAO|01058|47508411063743||241051452|2704302||Av. Comemdador Gustavo Paiva 3159,   315|S/N||Cruz das Almas|
|0150|FOR000000143|Nestle Brasil Ltda.|01058|60409075015508||242177034|2704302||R. Prof. Benedito de Moraes,   145,   Ar|S/N||Antares|
|0150|FOR000000144|Especiarya Industria e Comercio Ltda|01058|24322398000140||240948521|2704302||Rua Deputado Jose Lages 700,   0,|S/N||Ponta Verde|
|0150|FOR000000160|COMERCIAL DE BEBIDAS LEVADA LTDA EPP|01058|10932832000108||242183514|2704302||AV DR ANTONIO GOMES DE BARROS,   1460,|S/N||JATIUCA|
|0150|FOR000000161|MARITIMOS PESCADOS LTDA|01058|04666316000178||028567277|2611606||RUA MINISTRO SALGADO FILHO,   476,|S/N||BOA VIAGEM|
|0150|FOR000000164|NACIONAL FRIOS E ALIMENTOS LTDA|01058|00283120000143||240858760|2704302||AV DR JULIO MARQUES LUZ,   1621,|S/N||JATIUCA|
|0150|FOR000000174|COMPANHIA MARANHENSE DE REFRIGERANTES|01058|06272199001599||242745407|2704302||CACHOEIRA DO MEIRIM,,   S/N,|S/N||BENEDITO BENTES|
|0150|FOR000000185|GILDA BARBOSA DE OLIVEIRA|01058|11853366000120||242254403|2704708||RUA MEXILHAO,  12  CASA|S/N||PRAIA DO FRANCES|
|0150|FOR000000192|ELAINE MARIA GOMES XAVIER VASCONCELOS EI|01058|17967374000183||242837050|2704302||RUA ROBERTO SIMONSEN,  412  A|S/N||GRUTA DE LOURDES|
|0150|FOR000000193|COMERCIAL EXTRA LTDA - EPP|01058|08748876000122||242002390|2704302||AV DR JULIO MARQUES LUZ,  1621|S/N||JATIUCA|
|0150|FOR000000194|NOVO MAR COMERCIO DE PESCADOS LTDA - EPP|01058|22239629000121||244226768|2707701||ROD BR 104 KM 92,  04|S/N||PREF. ANTONIO LINS D|
|0150|FOR000000195|CANTU IMPORTADORA DE BEBIDAS LTDA|01058|22149803000307||062787284|2611606||ROD BR-101 SUL KM 70,  550  GALPAO: LA I|S/N||CURADO|
|0150|FOR000000198|CRBS SA - CDD MACEIO|01058|56228356011338||242612334|2704302||Av COMENDADOR GUSTAVO PAIVA,  3230|S/N||Cruz das Almas|
|0190|1|UND|
|0190|13|GF|
|0190|2|UN|
|0190|22|KG|
|0190|25|UNI|
|0190|27|CX|
|0190|28|FD|
|0190|3|Un|
|0190|32|PCT|
|0190|39|CX7L|
|0190|40|CH|
|0190|52|SCO|
|0190|53|un|
|0190|9|LT|
|0200|000000000000411059|MOCA Leite Condensado NPro 6x2,6kg XW|7891000004180||25|09|04029900||04||17,00|
|0220|27|1,000000|
|0200|000000000000414582|NESTLE Choc Po Solu 32% NPro 6(4x500g)XR|7891000458204||25|09|18061000||18||17,00|
|0200|000000000012133006|MOCA Doce de Leite NPro 5x3kg BR|7891000077177||25|09|19019020||19||17,00|
|0200|000000000012133134|NESTLE Creme de Leite UHT NPro 12x1kg BR|7891000121702||25|09|04015021||04||17,00|
|0220|27|1,000000|
|0200|000000000012168360|MAGGI FONDOR Tempero NPro 6x1,1kg BR|7891000085448||27|09|21039029||21||17,00|
|0200|0000000581|SPRITE ZERO/12 350 ML LT|7894900079845||27|00|22021000||22||0,00|
|0200|000004130014|AJINOMOTO MSG REGULAR CRYSTAL EXP 25 KG SCO.C/1X1 SCO 7891132060726|||52|00|29224220||29||17,00|
|0200|0000106578|CERVEJA SKOL|7891149103102||2|09|22030000|00|22||17,00|
|0200|0000106585|CERV STELLA ARTOIS|7891149101917||2|09|22030000|00|22||17,00|
|0200|0000172812|LICOR CREME CASSIS|7891121219005||2|00|22089000|00|22||17,00|
|0200|0000205619|SCHWEPPES CITRUS|7894900320015||2|09|22021000|00|22||17,00|
|0200|0000207029|CERVEJA BUDWEISER|7891991010856||2|00|22030000|00|22||17,00|
|0200|0000210362|ENERGETICO RED BULL|9002490100193||2|09|22029000|00|22||17,00|
|0200|0000215026|ACUCAR UNIAO|17891910020147||2|00|17019900|00|17||17,00|
|0200|0000275642|AZEITE DE OLIVA EV|7891737609009||2|09|15099090|00|15||17,00|
|0200|0000291558|CERVEJA HEINEKEN|7896045501298||2|09|22030000|00|22||17,00|
|0200|0000296302|CERVEJA SCHIN|7896052605279||2|00|22030000|00|22||17,00|
|0200|0000343108|MOLHO TABASCO|0112101156002||2|09|21039021|00|21||17,00|
|0200|0000348334|HAVAIANAS TOP ANIMAL|7891224017256||2|00|64022000|00|64||17,00|
|0200|0000350020|LISTERINE COOL MINT|7891010953553||2|09|33069000|00|00||17,00|
|0200|0000356257|CERVEJA BOHEMIA|7891991006064||2|09|22030000|00|22||17,00|
|0200|0000360367|GUARANA ANTAR ZERO|7891991002288||2|09|22021000|00|22||17,00|
|0200|0000469620|BRILHANTE 3KG|7891150009141||2|09|34022000|00|34||17,00|
|0200|0000580860|WHISKY J WALKER|5000267023625||2|00|22083010|00|22||17,00|
|0200|0000581405|VODKA SMIRNOFF|7893218000473||2|09|22083010|00|00||17,00|
|0200|0000584733|LINGUICA CALABRESA|7893000444232||2|09|16010000|00|16||17,00|
|0200|0000609551|ARROZ BCO TIO JOAO|7893500020110||2|09|10061091|00|10||17,00|
|0200|0000636931|LINGUINE N 14|8005121000146||2|00|19021900|00|19||17,00|
|0200|0000694737|LEITE LEITBOM|7898215155003||2|00|04011010|00|04||17,00|
|0200|0000723450|LIMPOL LIQ 6X500ML|7891022640014||2|09|34022000|00|34||17,00|
|0200|0000791123|MANTEIGA DOURADO|7896085302015||2|09|04051000|00|00||17,00|
|0200|0000797627|AGUA SCHIN S/G|7896052600731||2|00|22011000|00|22||17,00|
|0200|0000810244|LEITE TOTAL|0000081024407||2|09|04011010|00|04||17,00|
|0200|0000811392|ACUCAR CAETE|0000081139200||2|09|17011400|00|17||17,00|
|0200|0000812162|GUARANA ANTARCTICA|7891991000727||2|09|22021000|00|22||17,00|
|0200|0000814199|F TRIGO SARANDI|7896099000280||2|09|11010010|00|11||17,00|
|0200|0000897800|CALDO DE GALINHA|7894000000503||2|00|21041011|00|21||17,00|
|0200|000408|COCA COLA 350 ML|7894900010015||2|00|22029000||22||17,00|
|0200|000413|COCA COCA ZERO 350 ML|7894900700015||2|00|22029000||22||17,00|
|0200|000416|GUARANA ANT. 350 ML|7891991000826||2|00|22029000||22||17,00|
|0220|9|1,000000|
|0200|000421|SPRITE 350 ML|7894900060010||2|00|22029000||22||17,00|
|0200|000428|FANTA 350 ML|7894900030013||2|00|22029000||22||17,00|
|0200|001220|AG CRYSTAL C/GAS 500 ML|7894900531008||2|00|22021000||22||17,00|
|0200|001255|SCHWEPPES CITRUS 350 ML|7894900320015||2|00|22021000||22||17,00|
|0200|001486|TONICA ANTARCTICA 350 ML|7891991000840||2|00|22089000||22||17,00|
|0200|0118728|Refrigerador Porta Cega Normal,,,|||53|00|84184000||84||17,00|
|0200|033|SANGUE DI GIUDA DOC|||13|00|22042100||22||0,00|
|0200|06020073|VIN POR CICONIA ALENTEJO TTO 750ML|||2|00|22042100||22||17,00|
|0200|06070004|VIN CHI VENTISQUERO CLASICO CABERNET SAUVIGNON TTO 750ML|||2|00|22042100||22||17,00|
|0200|06070005|VIN CHI VENTISQUERO CLASICO CARMENERE TTO 750ML|||2|00|22042100||22||17,00|
|0200|06070007|VIN CHI VENTISQUERO CLASICO CHARDONNAY BCO 750ML|||2|00|22042100||22||17,00|
|0200|06070028|VIN CHI VENTISQUERO QUEULAT CASABLANCA SAUVIGNON BLANC BCO 750ML|||2|00|22042100||22||17,00|
|0200|06070033|VIN CHI VENTISQUERO RESERVA COLCHAGUA CABERNET SAUVIGNON TTO 750ML|||2|00|22042100||22||17,00|
|0200|06070040|VIN CHI VENTISQUERO RESERVA CASABLANCA SAUVIGNON BLANC BCO 750ML|||2|00|22042100||22||17,00|
|0200|06070053|VIN CHI RAMIRANA GRAN RESERVA MAIPO CARMENERE/SYRAH TTO 750ML|||2|00|22042100||22||17,00|
|0200|062|COCA COLA|||2|09|11111111||11||17,00|
|0200|0717000012|SORV SABOR CREME|0000000077859||39|09|21050090||21||17,00|
|0200|0740000002|POLPA DE FRUTA ACEROLA|7896744000429||2|09|20089900||20||17,00|
|0200|0740000021|POLPA DE FRUTA CAJA|||2|09|20089900||20||17,00|
|0200|0740000036|POLPA DE FRUTA GOIABA|7896744020366||2|09|20089900||20||17,00|
|0200|0740000047|POLPA DE FRUTA MANGA|7896744020472||2|09|20089900||20||17,00|
|0200|0740000048|POLPA DE FRUTA MANGABA|7896744020489||2|09|20089900||20||17,00|
|0200|0740000049|POLPA DE FRUTA MARACUJA|7896744000498||2|09|20089900||20||17,00|
|0200|0740000081|POLPA DE FRUTA TANGERINA|7896744020410||2|09|20089900||20||17,00|
|0200|1004|MOLHO OSTRA GRF505GR IMP|||2|09|21039021||21||17,00|
|0200|102695|Qj Coalho Mainha Kg|0000000016315||2|09|04069090||04||17,00|
|0220|22|1,000000|
|0200|10353|VODKA SMIRNOFF 998ML 10353|7893218000473||1|00|22086000||22||17,00|
|0200|109100|Leite Uht Total Int Regina 1 Lt|7896010401073||27|00|04012010||04||17,00|
|0200|109312|Espetinho Mad Churrasco Gina 100und|7896051030423||2|00|44219000||44||17,00|
|0200|109614|Cafe Em Po Classico Santa Clara 250g|7896224813082||2|09|09012100||09||17,00|
|0220|27|1,000000|
|0200|1099313|COCO RALADO SOCOCO 50G|7896004400020||2|00|08011110||08||17,00|
|0220|27|1,000000|
|0200|1099773|LEITE LIQ VALE DOURADO INTEGRAL 1L|7896085307010||2|00|04013010||04||17,00|
|0200|11005|Q PARM RALADO PAMPULHA 50G (1,5KG)|7896013301233||28|09|04062000||04||17,00|
|0200|11007|Q PARM RALADO PAMPULHA 100G (1,5KG)|7896013312345||28|09|04062000||04||17,00|
|0200|1101993|FETTUCCINE PETYBOM GRANO DURO 500G|7897721411498||2|00|19021900||19||17,00|
|0200|1104112|OLEO SOJA PRIMOR PET 900ML|7891080803673||2|00|15079011||15||17,00|
|0200|1111455|ALFACE ROXO MO|30000186||2|09|07051900||07||17,00|
|0200|1111472|HORTELA MIUDO MO|30000353||2|00|07099090||07||17,00|
|0200|1111486|FARINHA DE ROSCA KG|||22|00|19059090||19||17,00|
|0220|2|1,000000|
|0200|1112058|ACELGA KG KG/1|||22|00|07052900||07||17,00|
|0200|1112582|MANTEIGA ITACOLOMY 500G|7896260700230||2|00|04051000||04||17,00|
|0200|111546|Paprica Picante Hikari 30g|7891965431304||2|09|09042000||09||17,00|
|0220|27|1,000000|
|0200|1132|BROCOLIS CONG (BUONOGEL) 5X2,0KG NAC|||22|09|07108000||07||17,00|
|0200|116912|Arroz Polido Tio Joao 1kg|7893500020110||27|00|10063021||10||17,00|
|0200|117021|Feijao Pto Biju 1kg|7893500050315||27|00|07133319||07||17,00|
|0200|117730|Massa De Arroz Bifum 200g|7898097961020||2|09|19022000||19||17,00|
|0220|27|1,000000|
|0200|11780|MOLHO DE PIMENTA TABASCO 59G 11780|011210000018||1|00|15079011||15||17,00|
|0200|127|LINEA GARDA DOC MERLOT|||13|00|22042100||22||17,00|
|0200|129|AGUA SCHIN C/G|7896052600724||2|00|22011000|00|22||17,00|
|0200|12989|TEQUILA SAUZA BLANCO 750ML 12989|7501005616393||1|09|22072020||22||17,00|
|0200|134|VINA AMALIA GRAN RESERVA MALBEC|||13|00|22042100||22||17,00|
|0200|1341089|LEITE UHT TOT. INTEGR C.TRIB. 4,20% Tot.Imposto: 0,12|7896010401073||2|00|04012010||04||17,00|
|0200|134139|Essencia Baunilha Hikari 30ml|7891965521609||2|09|33021000||33||17,00|
|0220|27|1,000000|
|0200|137|PINOT NERO IGT PROV DI PAVIA|||13|00|22042100||22||17,00|
|0200|137847|Molho Sabor Ostra Kum Chun 480g|0078895121148||2|09|21039091||21||17,00|
|0220|27|1,000000|
|0200|140|BENACO BRESCIANO BIANCO IGT VIVIGARDA|||13|00|22042100||22||17,00|
|0200|141|MANDORLO IGT ALTO MINCIO BIANCO|||13|00|22042100||22||17,00|
|0200|143|AG CRYSTAL 500 ML|7894900530001||2|00|22021000||22||17,00|
|0200|144|DON ELIAS CLASSICO CARMENERE SAFRA 2012|||13|00|22042100||22||17,00|
|0200|14407|AZEITE GALLO EXTRA VIRGEM 250ML|||40|00|15091000||15||0,00|
|0220|27|1,000000|
|0200|145|VINA AMALIA DOS FINCAS MALBEC 2013 - 375ml|||13|00|22042100||22||17,00|
|0200|146|VINA AMALIA DOS FINCAS SAUVIGNON BLANC 2014 - 375ml|||13|00|22042100||22||17,00|
|0200|14625|V.TT.VENTISQUERO CLAS CARMENERE 750ML 14625|7808725402818||1|00|22041010||22||17,00|
|0200|14626|V.TT.VENTISQUERO CLAS CAB SAUV 750ML 14626|7808725401385||1|00|22041010||22||17,00|
|0200|147370|Sal Refinado Iodado Miramar 1kg|7896110100012||2|09|25010020||25||17,00|
|0220|28|1,000000|
|0200|157|QUINTA DO PORTAL FRONTARIA BRANCO|||13|00|22042100||22||17,00|
|0200|159|QUINTA DO PORTAL TREVO VINHO VERDE|||13|00|22042100||22||17,00|
|0200|160|PORTAL FINE RUBY PORTO|||13|00|22042100||22||17,00|
|0200|174149|Doce Bananada Tambau 600g|7896945400080||2|09|20079990||20||17,00|
|0220|27|1,000000|
|0200|176897|ACUCAR MASCAVO MAIS V C.TRIB. 6,45% Tot.Imposto: 2,90|7891095600854||2|00|17011300||17||17,00|
|0200|177776|Amido De Milho Maisena 500g|7894000010021||2|09|19011030||19||17,00|
|0220|27|1,000000|
|0200|18195|V.BCO.ESP CASA VALDUGA BRUT 750ML 18195|||1|00|22041010||22||17,00|
|0200|182|LARANJA PERA KG KG/1|||22|00|08051000||08||17,00|
|0200|1838|CHAMP.VEUVE CLICQUOT BRUT 750ML 1838|3049610004104||1|00|22041010||22||17,00|
|0200|184|BANANA PRATA/PACOVAN KG KG/1|||22|00|08030000||08||17,00|
|0200|187593|Aze Vde c Pimentao Raiola 490g|7896237900489||27|00|20075000||20||17,00|
|0200|192|MISSO SHIRO - COND. SOJA PCT 1KG NAC|||22|00|21039091||21||17,00|
|0200|193|ALCOOL 70% 1LT LT|7896454300031||9|00|22072019||22||17,00|
|0200|194|HIG.ROLO FL SIMPLES 300M IHR80 CX/8|2500000204593||27|00|48181000||48||17,00|
|0200|197|VINA AMALIA DOS FINCAS CABERNET SAUVIGNON-MERLOT|||13|00|22042100||22||17,00|
|0200|209147|Suspiro Palato Kg|0000000041072||2|09|17049090||17||17,00|
|0220|22|1,000000|
|0200|210420|Abacate Kg|0000000006736||22|00|08044000||08||17,00|
|0200|213535|Espinafre Picado Daucy 300g|3248451061219||27|00|07103000||07||17,00|
|0200|215252|Grao De Bico Yoki 500g|7891095100538||2|09|07132090||07||17,00|
|0220|27|1,000000|
|0200|216569|Qj Parm Prem Scala Kg|0000000098748||2|09|04069030||04||17,00|
|0220|22|1,000000|
|0200|216771|Manga Rosa Kg|0000000098908||22|00|08045020||08||17,00|
|0200|216780|Manga Tommy Kg|0000000098915||22|00|08045020||08||17,00|
|0200|217549|Coentro Und|0000000099660||2|09|07129090||07||17,00|
|0200|217646|Pepino Comum Kg|0000000099769||2|09|07070000||07||17,00|
|0220|22|1,000000|
|0200|217999|Acelga Kg|0000000000529||2|09|07089000||07||17,00|
|0220|22|1,000000|
|0200|218600|Alho Poro Gd Kg|0000000027816||2|09|07039090||07||17,00|
|0220|22|1,000000|
|0200|219436|Agriao Und|0000000034364||2|09|07089000||07||17,00|
|0200|219533|Alface Francesa Und|0000000023382||2|09|07041100||07||17,00|
|0200|220353|Rucula Und|0000000002387||2|09|07051900||07||17,00|
|0200|221147|Polpa Ameixa Seca Shups 100g|7896744020052||27|00|08119000||08||17,00|
|0200|240125|Xarope Artificial Groselha Hemmer 1 Lt|7891031701072||27|00|17021900||17||17,00|
|0200|244481|Qj Coalho Light Ducamp Kg|0000000009867||2|09|04061090||04||17,00|
|0220|22|1,000000|
|0200|244490|Qj Coalho Ducamp Kg|0000000002646||2|09|04061090||04||17,00|
|0220|22|1,000000|
|0200|247511|LIMAO TAHITI KG C.TRIB.22,20% Tot.Imposto: 0,69|||22|00|08055000||08||17,00|
|0200|25897|LUVA VINIL M C/AMIDO CX/100 UND|7898207210567||27|09|39262000||00||17,00|
|0200|266635|Adocante Em Po Aspart Finn 50und|7898928577628||2|00|21069090||21||17,00|
|0200|280747|Qj Parm Ped Faixa Azul Kg|0000000021005||2|09|04069030||04||17,00|
|0220|22|1,000000|
|0200|28769|GORRO C/ELASTICO SANF BRANCO UND|7898942438226||1|00|65069900||65||17,00|
|0200|28867|TOALHA BOBINA FL SIMPLES 200MT FD/6|||28|00|48182000||48||17,00|
|0200|29687|HIG INTERF FL DUPLA CENTURY 10000 FL|7898938481212||27|00|48181000||48||17,00|
|0200|339131|REPOLHO VERDE KG C.TRIB.22,20% Tot.Imposto: 0,22|||22|00|07049000||07||17,00|
|0200|393690|Aze Vde c Caroco La Violetera 500g|7891089100032||2|09|20057000||20||17,00|
|0220|27|1,000000|
|0200|403008|Arroz Int Pto Tio Joao 500g|7893500044475||27|00|10062020||10||17,00|
|0200|448320|Mini Rucula Und|0000000061773||2|09|13004762||13||17,00|
|0200|448338|Mini Agriao Und|0000000061780||2|09|13004705||13||17,00|
|0200|449059|Cogumelo Eryngui Kg|0000000062329||22|00|07095900||07||17,00|
|0200|453820|Linguine Renata 500g|7896022203610||2|09|19021900||19||17,00|
|0220|27|1,000000|
|0200|4595656|PUDIM BAUNILHA DR. OE C.TRIB.30,45% Tot.Imposto: 0,39|7891048045114||2|00|21069029||21||17,00|
|0200|482226|Molho De Ostra Panda Lkk 255ml|0078895300017||27|00|21039099||21||17,00|
|0200|506052|Alho Poro Org Und|0000000045841||2|00|07032090||07||17,00|
|0200|5403|VIEIRA C/OVA 20/30 LBS PCT1KG CX10 NIMP|||22|09|03072900||03||17,00|
|0200|55|DON ELIAS CARMENERE RESERVADO SAFRA 2012|||13|00|22042100||22||17,00|
|0200|574929|Alcool Nobre 46,2 Inpm 1000ml|7896547500829||2|00|22072019||22||17,00|
|0220|27|1,000000|
|0200|60|DON ELIAS MERLOT RESERVADO SAFRA 2012|||13|00|22042100||22||17,00|
|0200|600199|Cogumelo Shitake Und|0000000009676||2|09|07095100||07||17,00|
|0220|22|1,000000|
|0200|612|Coca Cola Zero|||3|09|||00||17,00|
|0220|2|1,000000|
|0200|615|Sprite|||3|09|||00||17,00|
|0220|2|1,000000|
|0200|63|DON ELIAS CLASSICO CABERNET SAUVIGNON SAFRA 2012|||13|00|22042100||22||17,00|
|0200|679933|Spaghetti San Frediano 500g Ref 15c San Frediano CX|7898254520114||27|00|19021900||19||17,00|
|0200|679941|Spaghettini San Frediano 500g Ref 16b San Frediano CX|7898254520121||2|00|19021900||19||17,00|
|0220|27|1,000000|
|0200|69|DON ELIAS CLASSICO CHARDONNAY SAFRA 2013|||13|00|22042100||22||17,00|
|0200|743810|Bananada c Canela Tambau 600g|7896945402091||27|00|20079990||20||17,00|
|0200|743917|Acucar Mascavo Org Mae Terra 350g|7896496941919||27|00|17011100||17||17,00|
|0200|748072|Aze Pta c Caroco Hemmer 500g|7891031116272||27|00|20057000||20||17,00|
|0200|77|DON ELIAS CABERNET SAUVIGNON RESERVA SAFRA 2011|||13|00|22042100||22||17,00|
|0200|7797|V.TT.MONTES ALPHA CAB SAUV 750ML 7797|7899413340567||1|00|22041010||22||17,00|
|0200|78|DON ELIAS CARMENERE RESERVA SAFRA 2011|||13|00|22042100||22||17,00|
|0200|784192|Tomate Pelado Mastroiani 400g|7891089071257||27|00|20021000||20||17,00|
|0200|7896036090244|OLEO SOJA LIZA 900ML|7896036090244||13|00|15079011|000|15||17,00|
|0220|27|1,000000|
|0200|79|DONA JAVIERA CABERNET SAUVIGNON SAFRA 2013|||13|00|22042100||22||17,00|
|0200|80|DONA JAVIERA CARMENERE SAFRA 2013|||13|00|22042100||22||17,00|
|0200|81|DONA JAVIERA MERLOT SAFRA 2013|||13|00|22042100||22||17,00|
|0200|82|DON ELIAS CABERNET SAUVIGNON RESERVADO SAFRA 2012|||13|00|22042100||22||17,00|
|0200|8229|WHISKY J W BLACK 12 ANOS 1L 8229|5000267023601||1|00|22083020||22||17,00|
|0200|8242|WHISKY J W RED 1LT 8242|5000267013602||1|00|22083020||22||17,00|
|0200|8283|WHISKY OLD PARR 12 ANOS 1LT 8283|||1|00|22083020||22||17,00|
|0200|83|DONA JAVIERA CHARDONNAY SAFRA 2013|||13|00|22042100||22||17,00|
|0200|8321|WHISKY WHITE HORSE 8 ANOS 1LT 8321|5000265001335||1|00|22083020||22||17,00|
|0200|84|DONA JAVIERA SAUVIGNON BLANC SAFRA 2013|||13|00|22042100||22||17,00|
|0200|8410179100044|CAFE GRAO TORRADO EXPRESSO|||22|09|09012100||09||17,00|
|0200|8410179100076|Bacon Sadia Kg|0000000002530||2|09|02101200||00||17,00|
|0220|27|1,000000|
|0200|8410179100097|Vinagre v Tto Minhoto 500ml|7896013100973||2|09|22090000||22||17,00|
|0220|27|1,000000|
|0200|8410179100118|Farinha Milho Floc Coringa 500g|7896481130137||2|00|11041900||11||17,00|
|0220|28|1,000000|
|0200|8410179100121|V.TT.MONTES CLASSIC SERIES CAB SAUV RESERVA 750ML 7799|7899413337604||1|00|22041010||22||17,00|
|0200|8410179100126|MANZ CONTADOR DE ESTORIAS 2009|||13|00|22042100||22||17,00|
|0200|8410179100127|MANZ ROSÉ 2012|||13|00|22042100||22||17,00|
|0200|8410179100130|VINA AMALIA DOS FINCAS TORRONTES 2013|||13|00|22042100||22||17,00|
|0200|8410179100131|VINA AMALIA DOS FINCAS CHARDONNAY 2012|||13|00|22042100||22||17,00|
|0200|8410179100132|VINA AMALIA DOS FINCAS SAUVIGNON BLANC 2012|||13|00|22042100||22||17,00|
|0200|8410179100133|VINA AMALIA DOS FINCAS CABERNET SAUVIGNON MALBEC 2012|||13|00|22042100||22||17,00|
|0200|8410179100135|VINA AMALIA RESERVA CABERNET SAUVIGNON 2010|||13|00|22042100||22||17,00|
|0200|8410179100136|VINA AMALIA RESERVA MALBEC|||13|00|22042100||22||17,00|
|0200|8410179100137|VINA AMALIA GRAN RESERVA CABERNET SAUVIGNON 2010|||13|00|22042100||22||17,00|
|0200|8410179100139|VINA AMALIA CARLOS BASSO 2009|||13|00|22042100||22||17,00|
|0200|8410179100142|MANZ DOURO 2012|||13|00|22042100||22||17,00|
|0200|8410179100148|AGUA CRYSTAL S/G|0000014071003||2|00|22011000|00|22||17,00|
|0200|8410179100149|AGUA CRYSTAL C/G|0000083207709||2|00|22021000|00|22||17,00|
|0200|8410179100160|GUARANA ANT ZERO 350 ML|7891991000727||2|00|22029000||22||17,00|
|0200|8410179100163|MANZ POMAR DO ESPÍRITO SANTO|||13|00|22042100||22||17,00|
|0200|8410179100167|FANTA LARANJA|7894900030013||2|00|22021000|00|22||17,00|
|0200|8410179100181|COCA COLA/12 350 ML LT|7894900019841||27|00|22021000||22||0,00|
|0200|8410179100234|TOALHA INTERF.FL SIMP. ITI01 CX/2400 FOLH|7896110003368||27|00|48182000||48||17,00|
|0200|8410179100239|(-)CRYSTAL BR SG/12 330 ML PET|7898222290018||27|00|22011000||22||17,00|
|0200|8410179100240|(-)HEINEKEN/06 355 ML LN|7896045501298||27|00|22030000||22||17,00|
|0200|8410179100241|SCHWEPPES CITRUS/12 350ML LT R|7894900320046||27|00|22021000||22||17,00|
|0200|8410179100244|GUARD SNOB GALA G|7896110001753||2|00|48183000|00|48||17,00|
|0200|8410179100255|PROTETOR ASS.SANITARIO PAS30 PCT/40FL|7896110000756||32|00|39229000||39||17,00|
|0200|8410179100261|TRAPEZIO PETIT BOBÓ CHARDONNAY 2013|||13|00|22042100||22||17,00|
|0200|8410179100262|TURBOS LULA CX 10KG|||22|00|03074911||03||17,00|
|0200|8410179100263|LB ATUM P/ SASHIMI A VACUO CX05KG NAC|||22|00|03048700||03||17,00|
|0200|8410179100265|ESPUMANTE MOSCATEL CAVES BRASIL 750 ML|||13|00|22041090||22||17,00|
|0200|8410179100279|DOS FINCAS EXTRA BRUT|||13|00|22041099||22||17,00|
|0200|8410179100280|(-)BAVARIA PREMIUM/06 355 ML LN|7896045501328||27|00|22030000||22||17,00|
|0200|8410179100289|OLEO SOYA20X900ML|7891107101621||2|00|15079011|00|15||17,00|
|0200|8410179100290|GUARD SANTEPEL P|7896110000909||2|00|48183000|00|48||17,00|
|0200|8410179100301|V. ALMADEN RIESLING BCO 750 ML|7896756802684||2|00|22041010||22||17,00|
|0200|8410179100302|ESPUMANTE BRUT CAVES BRASIL 750 ML|||13|00|22041090||22||17,00|
|0200|8410179100304|TOALHA INTERF. FL SIMP. ETI00 FD/2400FL|7896110003320||28|00|48182000||48||17,00|
|0200|8410179100310|PETIT BOBO SAUVIGNON BLANC 2013|||13|00|22042100||22||17,00|
|0200|8410179100311|PETIT BOBO CHARDONNAY 2013|||13|00|22042100||22||17,00|
|0200|8410179100312|VINA AMALIA DOS FINCAS PINOT NOIR 2015|||13|00|22042100||22||17,00|
|0200|8410179100313|GIORGI DIANA DOC - PINOT GRIGIO|||13|00|22042100||22||17,00|
|0200|8410179100314|CERV STELLA ARTOIS 275 ML|7891149101900||2|00|22030000||22||17,00|
|0200|8410179100315|V.BCO.MONTES SERIE CLASSIC SAUV BLANC 750ML 18008|7899413354434||1|00|22041010||22||17,00|
|0200|8410179100316|FILE DE ROBALO|||22|00|03042090||03||17,00|
|0200|8410179100317|LIMAO TAHITI KG C.TRIB.22,20% Tot.Imposto: 0,57|||22|00|08055000||08||17,00|
|0200|85|DONA JAVIERA CABERNET SAUVIGNON RESERVA SAFRA 2010|||13|00|22042100||22||17,00|
|0200|86|DONA JAVIERA CARMENERE RESERVA SAFRA 2012|||13|00|22042100||22||17,00|
|0200|8655|V.TT.ALTA VISTA PREMIUM MALBEC 75CL 8655|||1|00|22041010||22||17,00|
|0200|87|DONA JAVIERA MERLOT RESERVA SAFRA 2010|||13|00|22042100||22||17,00|
|0200|88|DONA JAVIERA SYRAH GRAN RESERVA SAFRA 2011|||13|00|22042100||22||17,00|
|0200|9695|CACHACA SAGATIBA BRANCA 700ML 9695|7896010000016||1|00|22084000||22||17,00|
|0200|9959|PISCO CAPEL 750ML 9959|7802110221121||1|00|22089000||22||17,00|
|0400|1|COMPRA DE MERCADORIA A VISTA|
|0400|20|OUTRAS ENTRADAS|
|0400|6|COMPRA DE MERC C/ SUB TRIB A VISTA|
|0450|1|OPERAÇÃO POR CREDITO PRESUMIDO DE 17% NÃO EXISTINDO IMPOSTO A RECOLHER CONFORME DECRETO LEI Nº 38395/2000|
|0450|2|MD-5: b81f619fa51dd10e0d3a30cf4619a70e - Referente ao COO 337089 emitido em 02\12\2015 no valor de R$ 90.88 emitido pelo ECF 138 - Marca IBM - Modelo 4610 - Num. Fab. IB031100000008261817.|
|0450|3|NOTYA FISCAL EMITIDA ATRAVES DE ECF (CUPOM FISCAL) TRIBUTAÇÃO CONFORME FONTE IBPT|
|0450|4|NOTA FISCAL EMITIDA ATRAVES DE ECF (CUPOM FISCAL) TRIBUTAÇÃO CONFORME FONTE IBPT|
|0450|5|NOTA FISCAL EMITIDA ATRAVES DE C (CUPOM FISCAL) TRIBUTAÇÃO CONFORME FONTE IBPT|
|0450|6|TRIBUTAÇÃO CONFORME FONTE IBPT|
|0460|1|Imposto Retido por substituição tributária: 109,41|
|0460|10|Imposto Retido por substituição tributária: 37,00|
|0460|2|Imposto Retido por substituição tributária: 537,44|
|0460|3|Imposto Retido por substituição tributária: 70,21|
|0460|4|Imposto Retido por substituição tributária: 887,14|
|0460|5|Imposto Retido por substituição tributária: 1.562,90|
|0460|6|Imposto Retido por substituição tributária: 303,30|
|0460|7|Imposto Retido por substituição tributária: 1.078,82|
|0460|8|Imposto Retido por substituição tributária: 0,40|
|0460|9|IPI: 0,53|
|0990|353|
|C001|0|
|C100|0|0|FOR000000071|55|00|1|567|27151208760491000180550010000005671860303008|23122015|23122015|78589,00|2|0,00|0,00|78589,00|1|0,00|0,00|0,00|78589,00|13360,13|0,00|0,00|0,00|0,00|0,00|0,00|0,00|
|C110|1||
|C190|000|1102|0,00|78589,00|0,00|0,00|0,00|0,00|0,00|0,00||
|C100|0|1|FOR000000036|55|00|1|675583|27151211919123000147550010006755831000469298|02122015|02122015|291,66|2|0,00|0,00|291,66|0|0,00|0,00|0,00|291,66|49,58|0,00|0,00|0,00|0,00|0,00|0,00|0,00|
|C170|1|000004130014||1,0000|52|291,66|0,00|0|000|1102|1|0,00|0,00|0,00|0,00|0,00|0,00||||0,00|0,00|0,00||0,00|0,0000|0,000|0,0000|0,00||0,00|0,0000|0,000|0,0000|0,00|55|
|C190|000|1102|0,00|291,66|0,00|0,00|0,00|0,00|0,00|0,00||
|C100|0|1|FOR000000051|55|00|1|336614|27151208511719000107550010003366141003366147|15122015|15122015|389,13|2|0,00|0,00|389,13|0|0,00|0,00|0,00|279,72|47,55|0,00|0,00|0,00|0,00|0,00|0,00|0,00|
|C170|1|0740000036||20,0000|2|11,60|0,00|0|000|1949|1|0,00|0,00|0,00|0,00|0,00|0,00||||0,00|0,00|0,00||0,00|0,0000|0,000|0,0000|0,00||0,00|0,0000|0,000|0,0000|0,00|55|
|C170|2|0740000047||40,0000|2|23,20|0,00|0|000|1949|1|0,00|0,00|0,00|0,00|0,00|0,00||||0,00|0,00|0,00||0,00|0,0000|0,000|0,0000|0,00||0,00|0,0000|0,000|0,0000|0,00|55|
|C170|3|0740000049||80,0000|2|72,00|0,00|0|000|1949|1|0,00|0,00|0,00|0,00|0,00|0,00||||0,00|0,00|0,00||0,00|0,0000|0,000|0,0000|0,00||0,00|0,0000|0,000|0,0000|0,00|55|
|C170|4|0740000002||40,0000|2|26,00|0,00|0|000|1949|1|0,00|0,00|0,00|0,00|0,00|0,00||||0,00|0,00|0,00||0,00|0,0000|0,000|0,0000|0,00||0,00|0,0000|0,000|0,0000|0,00|55|
|C170|5|0740000081||80,0000|2|64,00|0,00|0|000|1949|1|0,00|0,00|0,00|0,00|0,00|0,00||||0,00|0,00|0,00||0,00|0,0000|0,000|0,0000|0,00||0,00|0,0000|0,000|0,0000|0,00|55|
|C170|6|0740000021||40,0000|2|36,00|0,00|0|000|1949|1|0,00|0,00|0,00|0,00|0,00|0,00||||0,00|0,00|0,00||0,00|0,0000|0,000|0,0000|0,00||0,00|0,0000|0,000|0,0000|0,00|55|
|C170|7|0717000012||21,0000|39|109,41|0,00|0|000|1949|1|0,00|0,00|0,00|0,00|0,00|0,00||||0,00|0,00|0,00||0,00|0,0000|0,000|0,0000|0,00||0,00|0,0000|0,000|0,0000|0,00|55|
|C170|8|0740000048||40,0000|2|32,00|0,00|0|000|1949|1|0,00|0,00|0,00|0,00|0,00|0,00||||0,00|0,00|0,00||0,00|0,0000|0,000|0,0000|0,00||0,00|0,0000|0,000|0,0000|0,00|55|
|C190|000|1949|0,00|389,13|0,00|0,00|0,00|0,00|0,00|0,00||
|C195|1||
|C100|0|1|FOR000000054|55|00|1|16948|27151208695037000193550010000169481000000018|11122015|11122015|160,00|2|0,00|0,00|160,00|9|0,00|0,00|0,00|160,00|27,20|0,00|0,00|0,00|0,00|0,00|0,00|0,00|
|C170|1|8410179100044||5,0000|22|160,00|0,00|0|000|1102|1|0,00|0,00|0,00|0,00|0,00|0,00||||0,00|0,00|0,00||0,00|0,0000|0,000|0,0000|0,00||0,00|0,0000|0,000|0,0000|0,00|55|
|C190|000|1102|0,00|160,00|0,00|0,00|0,00|0,00|0,00|0,00||
|C100|0|1|FOR000000054|55|00|1|16975|27151208695037000193550010000169751000000015|15122015|15122015|320,00|2|0,00|0,00|320,00|9|0,00|0,00|0,00|320,00|54,40|0,00|0,00|0,00|0,00|0,00|0,00|0,00|
|C170|1|8410179100044||10,0000|22|320,00|0,00|0|000|1102|1|0,00|0,00|0,00|0,00|0,00|0,00||||0,00|0,00|0,00||0,00|0,0000|0,000|0,0000|0,00||0,00|0,0000|0,000|0,0000|0,00|55|
|C190|000|1102|0,00|320,00|0,00|0,00|0,00|0,00|0,00|0,00||
|C100|0|1|FOR000000121|55|00|1|877865|27151202865831000151550010008778651300620109|10122015|10122015|261,60|2|0,00|0,00|261,60|0|0,00|0,00|0,00|261,60|44,47|0,00|0,00|0,00|0,00|0,00|0,00|0,00|
|C170|1|11007||5,0000|28|261,60|0,00|0|000|1102|1|261,60|17,00|44,47|0,00|0,00|0,00||||0,00|0,00|0,00||0,00|0,0000|0,000|0,0000|0,00||0,00|0,0000|0,000|0,0000|0,00|55|
|C190|000|1102|17,00|261,60|261,60|44,47|0,00|0,00|0,00|0,00||
|C100|0|1|FOR000000121|55|00|1|880831|27151202865831000151550010008808311182912176|17122015|17122015|272,76|2|0,00|0,00|272,76|0|0,00|0,00|0,00|272,76|46,37|0,00|0,00|0,00|0,00|0,00|0,00|0,00|
|C170|1|11007||4,0000|28|202,76|0,00|0|000|1102|1|202,76|17,00|34,47|0,00|0,00|0,00||||0,00|0,00|0,00||0,00|0,0000|0,000|0,0000|0,00||0,00|0,0000|0,000|0,0000|0,00|55|
|C170|2|14407||1,0000|27|70,00|0,00|0|000|1102|1|70,00|17,00|11,90|0,00|0,00|0,00||||0,00|0,00|0,00||0,00|0,0000|0,000|0,0000|0,00||0,00|0,0000|0,000|0,0000|0,00|55|
|C190|000|1102|17,00|272,76|272,76|46,37|0,00|0,00|0,00|0,00||
|C100|0|1|FOR000000121|55|00|1|883743|27151202865831000151550010008837431216627982|24122015|24122015|258,90|2|0,00|0,00|258,90|0|0,00|0,00|0,00|258,90|44,01|0,00|0,00|0,00|0,00|0,00|0,00|0,00|
|C170|1|11007||5,0000|28|258,90|0,00|0|000|1102|1|258,90|17,00|44,01|0,00|0,00|0,00||||0,00|0,00|0,00||0,00|0,0000|0,000|0,0000|0,00||0,00|0,0000|0,000|0,0000|0,00|55|
|C190|000|1102|17,00|258,90|258,90|44,01|0,00|0,00|0,00|0,00||
|C100|0|1|FOR000000121|55|00|1|885715|27151202865831000151550010008857151839730610|30122015|30122015|310,68|2|0,00|0,00|310,68|0|0,00|0,00|0,00|310,68|52,82|0,00|0,00|0,00|0,00|0,00|0,00|0,00|
|C170|1|11005||6,0000|28|310,68|0,00|0|000|1102|1|310,68|17,00|52,82|0,00|0,00|0,00||||0,00|0,00|0,00||0,00|0,0000|0,000|0,0000|0,00||0,00|0,0000|0,000|0,0000|0,00|55|
|C190|000|1102|17,00|310,68|310,68|52,82|0,00|0,00|0,00|0,00||
|C100|0|1|FOR000000135|55|00|1|126616|27151239346861008650550010001266161721024294|01122015|01122015|216,95|2|0,00|0,00|216,95|0|0,00|0,00|0,00|182,15|30,97|0,00|0,00|0,00|0,00|0,00|0,00|0,00|
|C170|1|1101993||1,0000|2|8,39|0,00|0|000|1102|1|0,00|0,00|0,00|0,00|0,00|0,00||||0,00|0,00|0,00||0,00|0,0000|0,000|0,0000|0,00||0,00|0,0000|0,000|0,0000|0,00|55|
|C170|2|1099773||4,0000|2|10,80|0,00|0|000|1102|1|0,00|0,00|0,00|0,00|0,00|0,00||||0,00|0,00|0,00||0,00|0,0000|0,000|0,0000|0,00||0,00|0,0000|0,000|0,0000|0,00|55|
|C170|3|1104112||10,0000|2|32,90|0,00|0|000|1102|1|0,00|0,00|0,00|0,00|0,00|0,00||||0,00|0,00|0,00||0,00|0,0000|0,000|0,0000|0,00||0,00|0,0000|0,000|0,0000|0,00|55|
|C170|4|1112058||0,4660|22|2,19|0,00|0|000|1102|1|0,00|0,00|0,00|0,00|0,00|0,00||||0,00|0,00|0,00||0,00|0,0000|0,000|0,0000|0,00||0,00|0,0000|0,000|0,0000|0,00|55|
|C170|5|1112058||0,6280|22|2,95|0,00|0|000|1102|1|0,00|0,00|0,00|0,00|0,00|0,00||||0,00|0,00|0,00||0,00|0,0000|0,000|0,0000|0,00||0,00|0,0000|0,000|0,0000|0,00|55|
|C170|6|182||2,5300|22|6,30|0,00|0|000|1102|1|0,00|0,00|0,00|0,00|0,00|0,00||||0,00|0,00|0,00||0,00|0,0000|0,000|0,0000|0,00||0,00|0,0000|0,000|0,0000|0,00|55|
|C170|7|1111472||3,0000|2|3,87|0,00|0|000|1102|1|0,00|0,00|0,00|0,00|0,00|0,00||||0,00|0,00|0,00||0,00|0,0000|0,000|0,0000|0,00||0,00|0,0000|0,000|0,0000|0,00|55|
|C170|8|1111455||4,0000|2|5,80|0,00|0|000|1102|1|0,00|0,00|0,00|0,00|0,00|0,00||||0,00|0,00|0,00||0,00|0,0000|0,000|0,0000|0,00||0,00|0,0000|0,000|0,0000|0,00|55|
|C170|9|184||2,2100|22|8,15|0,00|0|000|1102|1|0,00|0,00|0,00|0,00|0,00|0,00||||0,00|0,00|0,00||0,00|0,0000|0,000|0,0000|0,00||0,00|0,0000|0,000|0,0000|0,00|55|
|C170|10|184||1,5000|22|5,54|0,00|0|000|1102|1|0,00|0,00|0,00|0,00|0,00|0,00||||0,00|0,00|0,00||0,00|0,0000|0,000|0,0000|0,00||0,00|0,0000|0,000|0,0000|0,00|55|
|C170|11|1112582||12,0000|2|111,48|0,00|0|000|1102|1|0,00|0,00|0,00|0,00|0,00|0,00||||0,00|0,00|0,00||0,00|0,0000|0,000|0,0000|0,00||0,00|0,0000|0,000|0,0000|0,00|55|
|C170|12|1112582||2,0000|2|18,58|0,00|0|000|1102|1|0,00|0,00|0,00|0,00|0,00|0,00||||0,00|0,00|0,00||0,00|0,0000|0,000|0,0000|0,00||0,00|0,0000|0,000|0,0000|0,00|55|
|C190|000|1102|0,00|216,95|0,00|0,00|0,00|0,00|0,00|0,00||
|C100|0|1|FOR000000137|55|00|200|166266|27151200063960005160552000001662661583505477|04122015|04122015|1347,74|2|0,00|0,00|1347,74|9|0,00|0,00|0,00|445,98|75,82|0,00|0,00|0,00|0,00|0,00|0,00|0,00|
|C170|1|615||1,0000|2|23,76|0,00|0|000|1102|1|0,00|0,00|0,00|0,00|0,00|0,00||||0,00|0,00|0,00||0,00|0,0000|0,000|0,0000|0,00||0,00|0,0000|0,000|0,0000|0,00|55|
|C170|2|062||6,0000|2|139,68|0,00|0|000|1102|1|0,00|0,00|0,00|0,00|0,00|0,00||||0,00|0,00|0,00||0,00|0,0000|0,000|0,0000|0,00||0,00|0,0000|0,000|0,0000|0,00|55|
|C170|3|0000812162||2,0000|2|33,16|0,00|0|000|1102|1|0,00|0,00|0,00|0,00|0,00|0,00||||0,00|0,00|0,00||0,00|0,0000|0,000|0,0000|0,00||0,00|0,0000|0,000|0,0000|0,00|55|
|C170|4|0000360367||1,0000|2|20,28|0,00|0|000|1102|1|0,00|0,00|0,00|0,00|0,00|0,00||||0,00|0,00|0,00||0,00|0,0000|0,000|0,0000|0,00||0,00|0,0000|0,000|0,0000|0,00|55|
|C170|5|612||2,0000|2|46,56|0,00|0|000|1102|1|0,00|0,00|0,00|0,00|0,00|0,00||||0,00|0,00|0,00||0,00|0,0000|0,000|0,0000|0,00||0,00|0,0000|0,000|0,0000|0,00|55|
|C170|6|0000291558||4,0000|2|64,56|0,00|0|000|1102|1|0,00|0,00|0,00|0,00|0,00|0,00||||0,00|0,00|0,00||0,00|0,0000|0,000|0,0000|0,00||0,00|0,0000|0,000|0,0000|0,00|55|
|C170|7|8410179100148||10,0000|2|71,90|0,00|0|000|1102|1|0,00|0,00|0,00|0,00|0,00|0,00||||0,00|0,00|0,00||0,00|0,0000|0,000|0,0000|0,00||0,00|0,0000|0,000|0,0000|0,00|55|
|C170|8|8410179100149||5,0000|2|58,20|0,00|0|000|1102|1|0,00|0,00|0,00|0,00|0,00|0,00||||0,00|0,00|0,00||0,00|0,0000|0,000|0,0000|0,00||0,00|0,0000|0,000|0,0000|0,00|55|
|C170|9|0000581405||1,0000|2|29,88|0,00|0|000|1102|1|0,00|0,00|0,00|0,00|0,00|0,00||||0,00|0,00|0,00||0,00|0,0000|0,000|0,0000|0,00||0,00|0,0000|0,000|0,0000|0,00|55|
|C170|10|0000723450||8,0000|2|62,16|0,00|0|000|1102|1|0,00|0,00|0,00|0,00|0,00|0,00||||0,00|0,00|0,00||0,00|0,0000|0,000|0,0000|0,00||0,00|0,0000|0,000|0,0000|0,00|55|
|C170|11|0000814199||1,0000|2|24,90|0,00|0|000|1102|1|0,00|0,00|0,00|0,00|0,00|0,00||||0,00|0,00|0,00||0,00|0,0000|0,000|0,0000|0,00||0,00|0,0000|0,000|0,0000|0,00|55|
|C170|12|0000811392||1,0000|2|21,30|0,00|0|041|1102|1|0,00|0,00|0,00|0,00|0,00|0,00||||0,00|0,00|0,00||0,00|0,0000|0,000|0,0000|0,00||0,00|0,0000|0,000|0,0000|0,00|55|
|C170|13|0000215026||1,0000|2|13,98|0,00|0|000|1102|1|13,98|17,00|2,38|0,00|0,00|0,00||||0,00|0,00|0,00||0,00|0,0000|0,000|0,0000|0,00||0,00|0,0000|0,000|0,0000|0,00|55|
|C170|14|0000275642||6,0000|2|164,22|0,00|0|141|1102|1|0,00|0,00|0,00|0,00|0,00|0,00||||0,00|0,00|0,00||0,00|0,0000|0,000|0,0000|0,00||0,00|0,0000|0,000|0,0000|0,00|55|
|C170|15|0000694737||2,0000|2|58,80|0,00|0|000|1102|1|0,00|0,00|0,00|0,00|0,00|0,00||||0,00|0,00|0,00||0,00|0,0000|0,000|0,0000|0,00||0,00|0,0000|0,000|0,0000|0,00|55|
|C170|16|8410179100289||1,0000|2|65,80|0,00|0|020|1102|1|27,10|17,00|4,61|0,00|0,00|0,00||||0,00|0,00|0,00||0,00|0,0000|0,000|0,0000|0,00||0,00|0,0000|0,000|0,0000|0,00|55|
|C170|17|0000609551||2,0000|2|57,80|0,00|0|020|1102|1|23,80|17,00|4,04|0,00|0,00|0,00||||0,00|0,00|0,00||0,00|0,0000|0,000|0,0000|0,00||0,00|0,0000|0,000|0,0000|0,00|55|
|C170|18|8410179100290||1,0000|2|21,97|0,00|0|041|1102|1|0,00|0,00|0,00|0,00|0,00|0,00||||0,00|0,00|0,00||0,00|0,0000|0,000|0,0000|0,00||0,00|0,0000|0,000|0,0000|0,00|55|
|C170|19|8410179100167||1,0000|2|23,76|0,00|0|000|1102|1|0,00|0,00|0,00|0,00|0,00|0,00||||0,00|0,00|0,00||0,00|0,0000|0,000|0,0000|0,00||0,00|0,0000|0,000|0,0000|0,00|55|
|C190|000|1102|0,00|657,60|0,00|0,00|0,00|0,00|0,00|0,00||
|C190|000|1102|17,00|13,98|13,98|2,38|0,00|0,00|0,00|0,00||
|C190|020|1102|17,00|123,60|50,90|8,65|0,00|0,00|72,70|0,00||
|C190|041|1102|0,00|43,27|0,00|0,00|0,00|0,00|0,00|0,00||
|C190|141|1102|0,00|164,22|0,00|0,00|0,00|0,00|0,00|0,00||
|C195|2||
|C100|0|1|FOR000000137|55|00|200|166306|27151200063960005160552000001663061066195692|05122015|05122015|274,51|2|0,00|0,00|274,51|9|0,00|0,00|0,00|0,00|0,00|0,00|0,00|0,00|0,00|0,00|0,00|0,00|
|C170|1|0000356257||12,0000|2|150,48|0,00|0|000|1403|6|0,00|0,00|0,00|0,00|0,00|0,00||||0,00|0,00|0,00||0,00|0,0000|0,000|0,0000|0,00||0,00|0,0000|0,000|0,0000|0,00|55|
|C170|2|8410179100149||3,0000|2|34,92|0,00|0|000|1403|6|0,00|0,00|0,00|0,00|0,00|0,00||||0,00|0,00|0,00||0,00|0,0000|0,000|0,0000|0,00||0,00|0,0000|0,000|0,0000|0,00|55|
|C170|3|0000581405||1,0000|2|29,88|0,00|0|000|1403|6|0,00|0,00|0,00|0,00|0,00|0,00||||0,00|0,00|0,00||0,00|0,0000|0,000|0,0000|0,00||0,00|0,0000|0,000|0,0000|0,00|55|
|C170|4|8410179100148||5,0000|2|35,95|0,00|0|000|1403|6|0,00|0,00|0,00|0,00|0,00|0,00||||0,00|0,00|0,00||0,00|0,0000|0,000|0,0000|0,00||0,00|0,0000|0,000|0,0000|0,00|55|
|C170|5|612||1,0000|2|23,28|0,00|0|000|1403|6|0,00|0,00|0,00|0,00|0,00|0,00||||0,00|0,00|0,00||0,00|0,0000|0,000|0,0000|0,00||0,00|0,0000|0,000|0,0000|0,00|55|
|C190|000|1403|0,00|274,51|0,00|0,00|0,00|0,00|0,00|0,00||
|C100|0|1|FOR000000137|55|00|200|166475|27151200063960005160552000001664752728640912|09122015|09122015|157,92|2|0,00|0,00|157,92|9|0,00|0,00|0,00|0,00|0,00|0,00|0,00|0,00|0,00|0,00|0,00|0,00|
|C170|1|0000291558||8,0000|2|157,92|0,00|0|000|1403|6|0,00|0,00|0,00|0,00|0,00|0,00||||0,00|0,00|0,00||0,00|0,0000|0,000|0,0000|0,00||0,00|0,0000|0,000|0,0000|0,00|55|
|C190|000|1403|0,00|157,92|0,00|0,00|0,00|0,00|0,00|0,00||
|C100|0|1|FOR000000137|55|00|200|166616|27151200063960005160552000001666161157274245|11122015|11122015|1155,02|2|0,00|0,00|1155,02|9|0,00|0,00|0,00|698,75|118,79|0,00|0,00|0,00|0,00|0,00|0,00|0,00|
|C170|1|8410179100289||2,0000|2|131,60|0,00|0|020|1102|1|54,19|17,00|9,21|0,00|0,00|0,00||||0,00|0,00|0,00||0,00|0,0000|0,000|0,0000|0,00||0,00|0,0000|0,000|0,0000|0,00|55|
|C170|2|0000897800||1,0000|2|8,87|0,00|0|000|1102|1|8,87|17,00|1,51|0,00|0,00|0,00||||0,00|0,00|0,00||0,00|0,0000|0,000|0,0000|0,00||0,00|0,0000|0,000|0,0000|0,00|55|
|C170|3|8410179100290||1,0000|2|21,97|0,00|0|041|1102|1|0,00|0,00|0,00|0,00|0,00|0,00||||0,00|0,00|0,00||0,00|0,0000|0,000|0,0000|0,00||0,00|0,0000|0,000|0,0000|0,00|55|
|C170|4|0000343108||3,0000|2|25,98|0,00|0|000|1102|1|25,98|17,00|4,42|0,00|0,00|0,00||||0,00|0,00|0,00||0,00|0,0000|0,000|0,0000|0,00||0,00|0,0000|0,000|0,0000|0,00|55|
|C170|5|0000811392||1,0000|2|18,51|0,00|0|041|1102|1|0,00|0,00|0,00|0,00|0,00|0,00||||0,00|0,00|0,00||0,00|0,0000|0,000|0,0000|0,00||0,00|0,0000|0,000|0,0000|0,00|55|
|C170|6|0000609551||3,0000|2|96,45|0,00|0|020|1102|1|39,72|17,00|6,75|0,00|0,00|0,00||||0,00|0,00|0,00||0,00|0,0000|0,000|0,0000|0,00||0,00|0,0000|0,000|0,0000|0,00|55|
|C170|7|0000814199||2,0000|2|47,80|0,00|0|000|1102|1|0,00|0,00|0,00|0,00|0,00|0,00||||0,00|0,00|0,00||0,00|0,0000|0,000|0,0000|0,00||0,00|0,0000|0,000|0,0000|0,00|55|
|C170|8|0000636931||2,0000|2|27,96|0,00|0|000|1102|1|0,00|0,00|0,00|0,00|0,00|0,00||||0,00|0,00|0,00||0,00|0,0000|0,000|0,0000|0,00||0,00|0,0000|0,000|0,0000|0,00|55|
|C170|9|0000810244||3,0000|2|96,84|0,00|0|000|1102|1|0,00|0,00|0,00|0,00|0,00|0,00||||0,00|0,00|0,00||0,00|0,0000|0,000|0,0000|0,00||0,00|0,0000|0,000|0,0000|0,00|55|
|C170|10|0000275642||6,0000|2|164,22|0,00|0|141|1102|1|0,00|0,00|0,00|0,00|0,00|0,00||||0,00|0,00|0,00||0,00|0,0000|0,000|0,0000|0,00||0,00|0,0000|0,000|0,0000|0,00|55|
|C170|11|0000723450||6,0000|2|47,22|0,00|0|000|1102|1|0,00|0,00|0,00|0,00|0,00|0,00||||0,00|0,00|0,00||0,00|0,0000|0,000|0,0000|0,00||0,00|0,0000|0,000|0,0000|0,00|55|
|C190|000|1102|0,00|219,82|0,00|0,00|0,00|0,00|0,00|0,00||
|C190|000|1102|17,00|34,85|34,85|5,93|0,00|0,00|0,00|0,00||
|C190|020|1102|17,00|228,05|93,91|15,96|0,00|0,00|134,14|0,00||
|C190|041|1102|0,00|40,48|0,00|0,00|0,00|0,00|0,00|0,00||
|C190|141|1102|0,00|164,22|0,00|0,00|0,00|0,00|0,00|0,00||
|C195|3||
|C100|0|1|FOR000000137|55|00|200|167054|27151200063960005160552000001670541786472533|18122015|18122015|2076,88|2|0,00|0,00|2076,88|9|0,00|0,00|0,00|682,76|116,08|0,00|0,00|0,00|0,00|0,00|0,00|0,00|
|C170|1|615||2,0000|2|46,72|0,00|0|000|1911|1|0,00|0,00|0,00|0,00|0,00|0,00||||0,00|0,00|0,00||0,00|0,0000|0,000|0,0000|0,00||0,00|0,0000|0,000|0,0000|0,00|55|
|C170|2|8410179100167||2,0000|2|46,72|0,00|0|000|1911|1|0,00|0,00|0,00|0,00|0,00|0,00||||0,00|0,00|0,00||0,00|0,0000|0,000|0,0000|0,00||0,00|0,0000|0,000|0,0000|0,00|55|
|C170|3|0000205619||2,0000|2|45,36|0,00|0|000|1911|1|0,00|0,00|0,00|0,00|0,00|0,00||||0,00|0,00|0,00||0,00|0,0000|0,000|0,0000|0,00||0,00|0,0000|0,000|0,0000|0,00|55|
|C170|4|0000296302||3,0000|2|57,24|0,00|0|000|1911|1|0,00|0,00|0,00|0,00|0,00|0,00||||0,00|0,00|0,00||0,00|0,0000|0,000|0,0000|0,00||0,00|0,0000|0,000|0,0000|0,00|55|
|C170|5|0000812162||2,0000|2|36,28|0,00|0|000|1911|1|0,00|0,00|0,00|0,00|0,00|0,00||||0,00|0,00|0,00||0,00|0,0000|0,000|0,0000|0,00||0,00|0,0000|0,000|0,0000|0,00|55|
|C170|6|612||4,0000|2|94,56|0,00|0|000|1911|1|0,00|0,00|0,00|0,00|0,00|0,00||||0,00|0,00|0,00||0,00|0,0000|0,000|0,0000|0,00||0,00|0,0000|0,000|0,0000|0,00|55|
|C170|7|0000360367||2,0000|2|39,28|0,00|0|000|1911|1|0,00|0,00|0,00|0,00|0,00|0,00||||0,00|0,00|0,00||0,00|0,0000|0,000|0,0000|0,00||0,00|0,0000|0,000|0,0000|0,00|55|
|C170|8|062||8,0000|2|185,36|0,00|0|000|1911|1|0,00|0,00|0,00|0,00|0,00|0,00||||0,00|0,00|0,00||0,00|0,0000|0,000|0,0000|0,00||0,00|0,0000|0,000|0,0000|0,00|55|
|C170|9|8410179100149||8,0000|2|93,12|0,00|0|000|1911|1|0,00|0,00|0,00|0,00|0,00|0,00||||0,00|0,00|0,00||0,00|0,0000|0,000|0,0000|0,00||0,00|0,0000|0,000|0,0000|0,00|55|
|C170|10|8410179100148||15,0000|2|138,60|0,00|0|000|1911|1|0,00|0,00|0,00|0,00|0,00|0,00||||0,00|0,00|0,00||0,00|0,0000|0,000|0,0000|0,00||0,00|0,0000|0,000|0,0000|0,00|55|
|C170|11|0000723450||12,0000|2|93,24|0,00|0|000|1911|1|0,00|0,00|0,00|0,00|0,00|0,00||||0,00|0,00|0,00||0,00|0,0000|0,000|0,0000|0,00||0,00|0,0000|0,000|0,0000|0,00|55|
|C170|12|8410179100289||2,0000|2|131,60|0,00|0|020|1102|1|54,20|17,00|9,22|0,00|0,00|0,00||||0,00|0,00|0,00||0,00|0,0000|0,000|0,0000|0,00||0,00|0,0000|0,000|0,0000|0,00|55|
|C170|13|0000814199||1,0000|2|23,90|0,00|0|000|1911|1|0,00|0,00|0,00|0,00|0,00|0,00||||0,00|0,00|0,00||0,00|0,0000|0,000|0,0000|0,00||0,00|0,0000|0,000|0,0000|0,00|55|
|C170|14|0000609551||3,0000|2|89,94|0,00|0|020|1102|1|37,04|17,00|6,30|0,00|0,00|0,00||||0,00|0,00|0,00||0,00|0,0000|0,000|0,0000|0,00||0,00|0,0000|0,000|0,0000|0,00|55|
|C170|15|0000584733||1,0000|2|27,38|0,00|0|000|1102|1|27,38|17,00|4,65|0,00|0,00|0,00||||0,00|0,00|0,00||0,00|0,0000|0,000|0,0000|0,00||0,00|0,0000|0,000|0,0000|0,00|55|
|C170|16|0000897800||2,0000|2|17,74|0,00|0|000|1102|1|17,74|17,00|3,02|0,00|0,00|0,00||||0,00|0,00|0,00||0,00|0,0000|0,000|0,0000|0,00||0,00|0,0000|0,000|0,0000|0,00|55|
|C170|17|0000469620||1,0000|2|16,87|0,00|0|041|1102|1|0,00|0,00|0,00|0,00|0,00|0,00||||0,00|0,00|0,00||0,00|0,0000|0,000|0,0000|0,00||0,00|0,0000|0,000|0,0000|0,00|55|
|C170|18|8410179100290||1,0000|2|18,87|0,00|0|041|1102|1|0,00|0,00|0,00|0,00|0,00|0,00||||0,00|0,00|0,00||0,00|0,0000|0,000|0,0000|0,00||0,00|0,0000|0,000|0,0000|0,00|55|
|C170|19|0000810244||3,0000|2|96,84|0,00|0|000|1911|1|0,00|0,00|0,00|0,00|0,00|0,00||||0,00|0,00|0,00||0,00|0,0000|0,000|0,0000|0,00||0,00|0,0000|0,000|0,0000|0,00|55|
|C170|20|0000811392||1,0000|2|20,37|0,00|0|041|1102|1|0,00|0,00|0,00|0,00|0,00|0,00||||0,00|0,00|0,00||0,00|0,0000|0,000|0,0000|0,00||0,00|0,0000|0,000|0,0000|0,00|55|
|C170|21|0000275642||7,0000|2|191,59|0,00|0|141|1102|1|0,00|0,00|0,00|0,00|0,00|0,00||||0,00|0,00|0,00||0,00|0,0000|0,000|0,0000|0,00||0,00|0,0000|0,000|0,0000|0,00|55|
|C170|22|0000343108||3,0000|2|25,47|0,00|0|200|1102|1|25,47|17,00|4,33|0,00|0,00|0,00||||0,00|0,00|0,00||0,00|0,0000|0,000|0,0000|0,00||0,00|0,0000|0,000|0,0000|0,00|55|
|C190|000|1102|17,00|45,12|45,12|7,67|0,00|0,00|0,00|0,00||
|C190|000|1911|0,00|997,22|0,00|0,00|0,00|0,00|0,00|0,00||
|C190|020|1102|17,00|221,54|91,24|15,52|0,00|0,00|130,30|0,00||
|C190|041|1102|0,00|56,11|0,00|0,00|0,00|0,00|0,00|0,00||
|C190|141|1102|0,00|191,59|0,00|0,00|0,00|0,00|0,00|0,00||
|C190|200|1102|17,00|25,47|25,47|4,33|0,00|0,00|0,00|0,00||
|C195|4||
|C100|0|1|FOR000000137|55|00|200|167333|27151200063960005160552000001673332059412365|23122015|23122015|3151,67|2|0,00|0,00|3151,67|9|0,00|0,00|0,00|945,13|160,68|0,00|0,00|0,00|0,00|0,00|0,00|0,00|
|C170|1|0000207029||16,0000|2|287,04|0,00|0|000|1102|1|0,00|0,00|0,00|0,00|0,00|0,00||||0,00|0,00|0,00||0,00|0,0000|0,000|0,0000|0,00||0,00|0,0000|0,000|0,0000|0,00|55|
|C170|2|0000106585||16,0000|2|325,44|0,00|0|000|1102|1|0,00|0,00|0,00|0,00|0,00|0,00||||0,00|0,00|0,00||0,00|0,0000|0,000|0,0000|0,00||0,00|0,0000|0,000|0,0000|0,00|55|
|C170|3|0000797627||15,0000|2|124,20|0,00|0|000|1102|1|0,00|0,00|0,00|0,00|0,00|0,00||||0,00|0,00|0,00||0,00|0,0000|0,000|0,0000|0,00||0,00|0,0000|0,000|0,0000|0,00|55|
|C170|4|8410179100149||8,0000|2|95,04|0,00|0|000|1102|1|0,00|0,00|0,00|0,00|0,00|0,00||||0,00|0,00|0,00||0,00|0,0000|0,000|0,0000|0,00||0,00|0,0000|0,000|0,0000|0,00|55|
|C170|5|8410179100167||2,0000|2|45,36|0,00|0|000|1102|1|0,00|0,00|0,00|0,00|0,00|0,00||||0,00|0,00|0,00||0,00|0,0000|0,000|0,0000|0,00||0,00|0,0000|0,000|0,0000|0,00|55|
|C170|6|615||1,0000|2|22,68|0,00|0|000|1102|1|0,00|0,00|0,00|0,00|0,00|0,00||||0,00|0,00|0,00||0,00|0,0000|0,000|0,0000|0,00||0,00|0,0000|0,000|0,0000|0,00|55|
|C170|7|0000812162||2,0000|2|35,76|0,00|0|000|1102|1|0,00|0,00|0,00|0,00|0,00|0,00||||0,00|0,00|0,00||0,00|0,0000|0,000|0,0000|0,00||0,00|0,0000|0,000|0,0000|0,00|55|
|C170|8|0000360367||1,0000|2|17,88|0,00|0|000|1102|1|0,00|0,00|0,00|0,00|0,00|0,00||||0,00|0,00|0,00||0,00|0,0000|0,000|0,0000|0,00||0,00|0,0000|0,000|0,0000|0,00|55|
|C170|9|0000205619||1,0000|2|22,68|0,00|0|000|1102|1|0,00|0,00|0,00|0,00|0,00|0,00||||0,00|0,00|0,00||0,00|0,0000|0,000|0,0000|0,00||0,00|0,0000|0,000|0,0000|0,00|55|
|C170|10|062||7,0000|2|158,76|0,00|0|000|1102|1|0,00|0,00|0,00|0,00|0,00|0,00||||0,00|0,00|0,00||0,00|0,0000|0,000|0,0000|0,00||0,00|0,0000|0,000|0,0000|0,00|55|
|C170|11|0000106578||1,0000|2|23,88|0,00|0|000|1102|1|0,00|0,00|0,00|0,00|0,00|0,00||||0,00|0,00|0,00||0,00|0,0000|0,000|0,0000|0,00||0,00|0,0000|0,000|0,0000|0,00|55|
|C170|12|0000210362||1,0000|2|46,98|0,00|0|000|1102|1|0,00|0,00|0,00|0,00|0,00|0,00||||0,00|0,00|0,00||0,00|0,0000|0,000|0,0000|0,00||0,00|0,0000|0,000|0,0000|0,00|55|
|C170|13|0000343108||2,0000|2|22,94|0,00|0|200|1102|1|22,94|17,00|3,90|0,00|0,00|0,00||||0,00|0,00|0,00||0,00|0,0000|0,000|0,0000|0,00||0,00|0,0000|0,000|0,0000|0,00|55|
|C170|14|0000172812||1,0000|2|25,98|0,00|0|000|1102|1|0,00|0,00|0,00|0,00|0,00|0,00||||0,00|0,00|0,00||0,00|0,0000|0,000|0,0000|0,00||0,00|0,0000|0,000|0,0000|0,00|55|
|C170|15|0000580860||1,0000|2|138,98|0,00|0|000|1102|1|0,00|0,00|0,00|0,00|0,00|0,00||||0,00|0,00|0,00||0,00|0,0000|0,000|0,0000|0,00||0,00|0,0000|0,000|0,0000|0,00|55|
|C170|16|0000723450||8,0000|2|62,16|0,00|0|000|1102|1|0,00|0,00|0,00|0,00|0,00|0,00||||0,00|0,00|0,00||0,00|0,0000|0,000|0,0000|0,00||0,00|0,0000|0,000|0,0000|0,00|55|
|C170|17|0000215026||1,0000|2|13,98|0,00|0|000|1102|1|13,98|17,00|2,38|0,00|0,00|0,00||||0,00|0,00|0,00||0,00|0,0000|0,000|0,0000|0,00||0,00|0,0000|0,000|0,0000|0,00|55|
|C170|18|8410179100289||3,0000|2|197,40|0,00|0|020|1102|1|81,29|17,00|13,82|0,00|0,00|0,00||||0,00|0,00|0,00||0,00|0,0000|0,000|0,0000|0,00||0,00|0,0000|0,000|0,0000|0,00|55|
|C170|19|0000814199||1,0000|2|23,90|0,00|0|000|1102|1|0,00|0,00|0,00|0,00|0,00|0,00||||0,00|0,00|0,00||0,00|0,0000|0,000|0,0000|0,00||0,00|0,0000|0,000|0,0000|0,00|55|
|C170|20|0000609551||3,0000|2|89,94|0,00|0|020|1102|1|37,04|17,00|6,30|0,00|0,00|0,00||||0,00|0,00|0,00||0,00|0,0000|0,000|0,0000|0,00||0,00|0,0000|0,000|0,0000|0,00|55|
|C170|21|0000811392||2,0000|2|40,74|0,00|0|041|1102|1|0,00|0,00|0,00|0,00|0,00|0,00||||0,00|0,00|0,00||0,00|0,0000|0,000|0,0000|0,00||0,00|0,0000|0,000|0,0000|0,00|55|
|C170|22|0000810244||3,0000|2|96,84|0,00|0|000|1102|1|0,00|0,00|0,00|0,00|0,00|0,00||||0,00|0,00|0,00||0,00|0,0000|0,000|0,0000|0,00||0,00|0,0000|0,000|0,0000|0,00|55|
|C170|23|0000275642||12,0000|2|328,44|0,00|0|141|1102|1|0,00|0,00|0,00|0,00|0,00|0,00||||0,00|0,00|0,00||0,00|0,0000|0,000|0,0000|0,00||0,00|0,0000|0,000|0,0000|0,00|55|
|C170|24|8410179100290||2,0000|2|37,74|0,00|0|041|1102|1|0,00|0,00|0,00|0,00|0,00|0,00||||0,00|0,00|0,00||0,00|0,0000|0,000|0,0000|0,00||0,00|0,0000|0,000|0,0000|0,00|55|
|C170|25|0000350020||1,0000|2|33,97|0,00|0|000|1102|1|0,00|0,00|0,00|0,00|0,00|0,00||||0,00|0,00|0,00||0,00|0,0000|0,000|0,0000|0,00||0,00|0,0000|0,000|0,0000|0,00|55|
|C170|26|0000469620||1,0000|2|16,87|0,00|0|041|1102|1|0,00|0,00|0,00|0,00|0,00|0,00||||0,00|0,00|0,00||0,00|0,0000|0,000|0,0000|0,00||0,00|0,0000|0,000|0,0000|0,00|55|
|C170|27|612||3,0000|2|68,04|0,00|0|000|1102|1|0,00|0,00|0,00|0,00|0,00|0,00||||0,00|0,00|0,00||0,00|0,0000|0,000|0,0000|0,00||0,00|0,0000|0,000|0,0000|0,00|55|
|C190|000|1102|0,00|1655,57|0,00|0,00|0,00|0,00|0,00|0,00||
|C190|000|1102|17,00|13,98|13,98|2,38|0,00|0,00|0,00|0,00||
|C190|020|1102|17,00|287,34|118,33|20,12|0,00|0,00|169,01|0,00||
|C190|041|1102|0,00|95,35|0,00|0,00|0,00|0,00|0,00|0,00||
|C190|141|1102|0,00|328,44|0,00|0,00|0,00|0,00|0,00|0,00||
|C190|200|1102|17,00|22,94|22,94|3,90|0,00|0,00|0,00|0,00||
|C195|5||
|C100|0|1|FOR000000137|55|00|200|167483|27151200063960005160552000001674832836166831|27122015|27122015|412,78|2|0,00|0,00|412,78|9|0,00|0,00|0,00|54,74|9,31|0,00|0,00|0,00|0,00|0,00|0,00|0,00|
|C170|1|0000797627||15,0000|2|124,20|0,00|0|000|1102|1|0,00|0,00|0,00|0,00|0,00|0,00||||0,00|0,00|0,00||0,00|0,0000|0,000|0,0000|0,00||0,00|0,0000|0,000|0,0000|0,00|55|
|C170|2|0000791123||15,0000|2|119,70|0,00|0|000|1102|1|0,00|0,00|0,00|0,00|0,00|0,00||||0,00|0,00|0,00||0,00|0,0000|0,000|0,0000|0,00||0,00|0,0000|0,000|0,0000|0,00|55|
|C170|3|0000275642||2,0000|2|54,74|0,00|0|141|1102|1|0,00|0,00|0,00|0,00|0,00|0,00||||0,00|0,00|0,00||0,00|0,0000|0,000|0,0000|0,00||0,00|0,0000|0,000|0,0000|0,00|55|
|C170|4|8410179100149||5,0000|2|59,40|0,00|0|000|1102|1|0,00|0,00|0,00|0,00|0,00|0,00||||0,00|0,00|0,00||0,00|0,0000|0,000|0,0000|0,00||0,00|0,0000|0,000|0,0000|0,00|55|
|C190|000|1102|0,00|303,30|0,00|0,00|0,00|0,00|0,00|0,00||
|C190|141|1102|0,00|54,74|0,00|0,00|0,00|0,00|0,00|0,00||
|C195|6||
|C100|0|1|FOR000000137|55|00|200|167726|27151200063960005160552000001677261427614899|30122015|30122015|2471,08|2|0,00|0,00|2471,08|9|0,00|0,00|0,00|752,47|127,92|0,00|0,00|0,00|0,00|0,00|0,00|0,00|
|C170|1|0000275642||10,0000|2|273,70|0,00|0|141|1102|1|0,00|0,00|0,00|0,00|0,00|0,00||||0,00|0,00|0,00||0,00|0,0000|0,000|0,0000|0,00||0,00|0,0000|0,000|0,0000|0,00|55|
|C170|2|0000791123||36,0000|2|287,28|0,00|0|000|1102|1|0,00|0,00|0,00|0,00|0,00|0,00||||0,00|0,00|0,00||0,00|0,0000|0,000|0,0000|0,00||0,00|0,0000|0,000|0,0000|0,00|55|
|C170|3|0000723450||16,0000|2|124,32|0,00|0|000|1102|1|0,00|0,00|0,00|0,00|0,00|0,00||||0,00|0,00|0,00||0,00|0,0000|0,000|0,0000|0,00||0,00|0,0000|0,000|0,0000|0,00|55|
|C170|4|0000609551||3,0000|2|89,94|0,00|0|020|1102|1|37,04|17,00|6,30|0,00|0,00|0,00||||0,00|0,00|0,00||0,00|0,0000|0,000|0,0000|0,00||0,00|0,0000|0,000|0,0000|0,00|55|
|C170|5|0000814199||1,0000|2|23,90|0,00|0|000|1102|1|0,00|0,00|0,00|0,00|0,00|0,00||||0,00|0,00|0,00||0,00|0,0000|0,000|0,0000|0,00||0,00|0,0000|0,000|0,0000|0,00|55|
|C170|6|8410179100289||2,0000|2|131,60|0,00|0|020|1102|1|54,19|17,00|9,21|0,00|0,00|0,00||||0,00|0,00|0,00||0,00|0,0000|0,000|0,0000|0,00||0,00|0,0000|0,000|0,0000|0,00|55|
|C170|7|0000810244||3,0000|2|96,84|0,00|0|000|1102|1|0,00|0,00|0,00|0,00|0,00|0,00||||0,00|0,00|0,00||0,00|0,0000|0,000|0,0000|0,00||0,00|0,0000|0,000|0,0000|0,00|55|
|C170|8|8410179100290||1,0000|2|18,87|0,00|0|041|1102|1|0,00|0,00|0,00|0,00|0,00|0,00||||0,00|0,00|0,00||0,00|0,0000|0,000|0,0000|0,00||0,00|0,0000|0,000|0,0000|0,00|55|
|C170|9|0000811392||1,0000|2|20,37|0,00|0|041|1102|1|0,00|0,00|0,00|0,00|0,00|0,00||||0,00|0,00|0,00||0,00|0,0000|0,000|0,0000|0,00||0,00|0,0000|0,000|0,0000|0,00|55|
|C170|10|8410179100244||1,0000|2|61,97|0,00|0|041|1102|1|0,00|0,00|0,00|0,00|0,00|0,00||||0,00|0,00|0,00||0,00|0,0000|0,000|0,0000|0,00||0,00|0,0000|0,000|0,0000|0,00|55|
|C170|11|0000469620||1,0000|2|16,87|0,00|0|041|1102|1|0,00|0,00|0,00|0,00|0,00|0,00||||0,00|0,00|0,00||0,00|0,0000|0,000|0,0000|0,00||0,00|0,0000|0,000|0,0000|0,00|55|
|C170|12|8410179100167||2,0000|2|47,76|0,00|0|000|1102|1|0,00|0,00|0,00|0,00|0,00|0,00||||0,00|0,00|0,00||0,00|0,0000|0,000|0,0000|0,00||0,00|0,0000|0,000|0,0000|0,00|55|
|C170|13|615||2,0000|2|47,76|0,00|0|000|1102|1|0,00|0,00|0,00|0,00|0,00|0,00||||0,00|0,00|0,00||0,00|0,0000|0,000|0,0000|0,00||0,00|0,0000|0,000|0,0000|0,00|55|
|C170|14|0000360367||2,0000|2|35,76|0,00|0|000|1102|1|0,00|0,00|0,00|0,00|0,00|0,00||||0,00|0,00|0,00||0,00|0,0000|0,000|0,0000|0,00||0,00|0,0000|0,000|0,0000|0,00|55|
|C170|15|062||10,0000|2|238,80|0,00|0|000|1102|1|0,00|0,00|0,00|0,00|0,00|0,00||||0,00|0,00|0,00||0,00|0,0000|0,000|0,0000|0,00||0,00|0,0000|0,000|0,0000|0,00|55|
|C170|16|0000812162||3,0000|2|53,64|0,00|0|000|1102|1|0,00|0,00|0,00|0,00|0,00|0,00||||0,00|0,00|0,00||0,00|0,0000|0,000|0,0000|0,00||0,00|0,0000|0,000|0,0000|0,00|55|
|C170|17|129||10,0000|2|106,80|0,00|0|000|1102|1|0,00|0,00|0,00|0,00|0,00|0,00||||0,00|0,00|0,00||0,00|0,0000|0,000|0,0000|0,00||0,00|0,0000|0,000|0,0000|0,00|55|
|C170|18|8410179100148||20,0000|2|141,60|0,00|0|000|1102|1|0,00|0,00|0,00|0,00|0,00|0,00||||0,00|0,00|0,00||0,00|0,0000|0,000|0,0000|0,00||0,00|0,0000|0,000|0,0000|0,00|55|
|C170|19|0000348334||1,0000|2|19,99|0,00|0|000|1102|1|19,99|17,00|3,40|0,00|0,00|0,00||||0,00|0,00|0,00||0,00|0,0000|0,000|0,0000|0,00||0,00|0,0000|0,000|0,0000|0,00|55|
|C190|000|1102|0,00|1204,46|0,00|0,00|0,00|0,00|0,00|0,00||
|C190|000|1102|17,00|19,99|19,99|3,40|0,00|0,00|0,00|0,00||
|C190|020|1102|17,00|221,54|91,23|15,51|0,00|0,00|130,31|0,00||
|C190|041|1102|0,00|118,08|0,00|0,00|0,00|0,00|0,00|0,00||
|C190|141|1102|0,00|273,70|0,00|0,00|0,00|0,00|0,00|0,00||
|C195|7||
|C100|0|1|FOR000000138|55|00|200|58100|27151247508411063743552000000581001007651650|02122015|02122015|90,88|2|0,00|0,00|90,88|9|0,00|0,00|0,00|55,31|9,40|0,00|0,00|0,00|0,00|0,00|0,00|0,00|
|C110|2||
|C170|1|4595656||1,0000|2|1,99|0,00|0|000|1102|1|0,00|0,00|0,00|0,00|0,00|0,00||||0,00|0,00|0,00||0,00|0,0000|0,000|0,0000|0,00||0,00|0,0000|0,000|0,0000|0,00|55|
|C170|2|4595656||1,0000|2|1,99|0,00|0|000|1102|1|0,00|0,00|0,00|0,00|0,00|0,00||||0,00|0,00|0,00||0,00|0,0000|0,000|0,0000|0,00||0,00|0,0000|0,000|0,0000|0,00|55|
|C170|3|4595656||1,0000|2|1,99|0,00|0|000|1102|1|0,00|0,00|0,00|0,00|0,00|0,00||||0,00|0,00|0,00||0,00|0,0000|0,000|0,0000|0,00||0,00|0,0000|0,000|0,0000|0,00|55|
|C170|4|4595656||1,0000|2|1,99|0,00|0|000|1102|1|0,00|0,00|0,00|0,00|0,00|0,00||||0,00|0,00|0,00||0,00|0,0000|0,000|0,0000|0,00||0,00|0,0000|0,000|0,0000|0,00|55|
|C170|5|4595656||1,0000|2|1,99|0,00|0|000|1102|1|0,00|0,00|0,00|0,00|0,00|0,00||||0,00|0,00|0,00||0,00|0,0000|0,000|0,0000|0,00||0,00|0,0000|0,000|0,0000|0,00|55|
|C170|6|4595656||1,0000|2|1,99|0,00|0|000|1102|1|0,00|0,00|0,00|0,00|0,00|0,00||||0,00|0,00|0,00||0,00|0,0000|0,000|0,0000|0,00||0,00|0,0000|0,000|0,0000|0,00|55|
|C170|7|4595656||1,0000|2|1,99|0,00|0|000|1102|1|0,00|0,00|0,00|0,00|0,00|0,00||||0,00|0,00|0,00||0,00|0,0000|0,000|0,0000|0,00||0,00|0,0000|0,000|0,0000|0,00|55|
|C170|8|4595656||1,0000|2|1,99|0,00|0|000|1102|1|0,00|0,00|0,00|0,00|0,00|0,00||||0,00|0,00|0,00||0,00|0,0000|0,000|0,0000|0,00||0,00|0,0000|0,000|0,0000|0,00|55|
|C170|9|4595656||1,0000|2|1,99|0,00|0|000|1102|1|0,00|0,00|0,00|0,00|0,00|0,00||||0,00|0,00|0,00||0,00|0,0000|0,000|0,0000|0,00||0,00|0,0000|0,000|0,0000|0,00|55|
|C170|10|4595656||1,0000|2|1,99|0,00|0|000|1102|1|0,00|0,00|0,00|0,00|0,00|0,00||||0,00|0,00|0,00||0,00|0,0000|0,000|0,0000|0,00||0,00|0,0000|0,000|0,0000|0,00|55|
|C170|11|4595656||1,0000|2|1,99|0,00|0|000|1102|1|0,00|0,00|0,00|0,00|0,00|0,00||||0,00|0,00|0,00||0,00|0,0000|0,000|0,0000|0,00||0,00|0,0000|0,000|0,0000|0,00|55|
|C170|12|4595656||1,0000|2|1,99|0,00|0|000|1102|1|0,00|0,00|0,00|0,00|0,00|0,00||||0,00|0,00|0,00||0,00|0,0000|0,000|0,0000|0,00||0,00|0,0000|0,000|0,0000|0,00|55|
|C170|13|176897||1,0000|2|12,89|0,00|0|000|1102|1|0,00|0,00|0,00|0,00|0,00|0,00||||0,00|0,00|0,00||0,00|0,0000|0,000|0,0000|0,00||0,00|0,0000|0,000|0,0000|0,00|55|
|C170|14|1341089||1,0000|2|3,09|0,00|0|000|1102|1|0,00|0,00|0,00|0,00|0,00|0,00||||0,00|0,00|0,00||0,00|0,0000|0,000|0,0000|0,00||0,00|0,0000|0,000|0,0000|0,00|55|
|C170|15|1341089||1,0000|2|3,09|0,00|0|000|1102|1|0,00|0,00|0,00|0,00|0,00|0,00||||0,00|0,00|0,00||0,00|0,0000|0,000|0,0000|0,00||0,00|0,0000|0,000|0,0000|0,00|55|
|C170|16|1341089||1,0000|2|3,09|0,00|0|000|1102|1|0,00|0,00|0,00|0,00|0,00|0,00||||0,00|0,00|0,00||0,00|0,0000|0,000|0,0000|0,00||0,00|0,0000|0,000|0,0000|0,00|55|
|C170|17|1341089||1,0000|2|3,09|0,00|0|000|1102|1|0,00|0,00|0,00|0,00|0,00|0,00||||0,00|0,00|0,00||0,00|0,0000|0,000|0,0000|0,00||0,00|0,0000|0,000|0,0000|0,00|55|
|C170|18|1341089||1,0000|2|3,09|0,00|0|000|1102|1|0,00|0,00|0,00|0,00|0,00|0,00||||0,00|0,00|0,00||0,00|0,0000|0,000|0,0000|0,00||0,00|0,0000|0,000|0,0000|0,00|55|
|C170|19|1341089||1,0000|2|3,09|0,00|0|000|1102|1|0,00|0,00|0,00|0,00|0,00|0,00||||0,00|0,00|0,00||0,00|0,0000|0,000|0,0000|0,00||0,00|0,0000|0,000|0,0000|0,00|55|
|C170|20|247511||4,1550|22|16,53|0,00|0|000|1102|1|0,00|0,00|0,00|0,00|0,00|0,00||||0,00|0,00|0,00||0,00|0,0000|0,000|0,0000|0,00||0,00|0,0000|0,000|0,0000|0,00|55|
|C170|21|8410179100317||3,4150|22|13,59|0,00|0|000|1102|1|0,00|0,00|0,00|0,00|0,00|0,00||||0,00|0,00|0,00||0,00|0,0000|0,000|0,0000|0,00||0,00|0,0000|0,000|0,0000|0,00|55|
|C170|22|339131||1,3700|22|5,45|0,00|0|000|1102|1|0,00|0,00|0,00|0,00|0,00|0,00||||0,00|0,00|0,00||0,00|0,0000|0,000|0,0000|0,00||0,00|0,0000|0,000|0,0000|0,00|55|
|C190|000|1102|0,00|90,88|0,00|0,00|0,00|0,00|0,00|0,00||
|C100|0|1|FOR000000143|55|00|1|1396502|27151260409075015508550010013965021549284975|03122015|03122015|422,81|2|0,00|0,00|422,81|0|0,00|0,00|0,00|422,81|71,88|0,00|0,00|0,00|0,00|0,00|0,00|0,00|
|C170|1|000000000012133134||1,0000|27|166,88|0,00|0|000|1102|1|0,00|0,00|0,00|0,00|0,00|0,00||||0,00|0,00|0,00||0,00|0,0000|0,000|0,0000|0,00||0,00|0,0000|0,000|0,0000|0,00|55|
|C170|2|000000000000414582||1,0000|25|34,54|0,00|0|000|1102|1|0,00|0,00|0,00|0,00|0,00|0,00||||0,00|0,00|0,00||0,00|0,0000|0,000|0,0000|0,00||0,00|0,0000|0,000|0,0000|0,00|55|
|C170|3|000000000000411059||4,0000|25|106,13|0,00|0|000|1102|1|0,00|0,00|0,00|0,00|0,00|0,00||||0,00|0,00|0,00||0,00|0,0000|0,000|0,0000|0,00||0,00|0,0000|0,000|0,0000|0,00|55|
|C170|4|000000000012168360||1,0000|27|115,26|0,00|0|000|1102|1|0,00|0,00|0,00|0,00|0,00|0,00||||0,00|0,00|0,00||0,00|0,0000|0,000|0,0000|0,00||0,00|0,0000|0,000|0,0000|0,00|55|
|C190|000|1102|0,00|422,81|0,00|0,00|0,00|0,00|0,00|0,00||
|C100|0|1|FOR000000143|55|00|1|1402886|27151260409075015508550010014028861589245898|10122015|10122015|398,87|2|0,00|0,00|398,87|0|0,00|0,00|0,00|398,87|67,81|0,00|0,00|0,00|0,00|0,00|0,00|0,00|
|C170|1|000000000012133134||1,0000|27|166,88|0,00|0|000|1102|1|0,00|0,00|0,00|0,00|0,00|0,00||||0,00|0,00|0,00||0,00|0,0000|0,000|0,0000|0,00||0,00|0,0000|0,000|0,0000|0,00|55|
|C170|2|000000000000414582||1,0000|25|34,54|0,00|0|000|1102|1|0,00|0,00|0,00|0,00|0,00|0,00||||0,00|0,00|0,00||0,00|0,0000|0,000|0,0000|0,00||0,00|0,0000|0,000|0,0000|0,00|55|
|C170|3|000000000000411059||3,0000|25|82,19|0,00|0|000|1102|1|0,00|0,00|0,00|0,00|0,00|0,00||||0,00|0,00|0,00||0,00|0,0000|0,000|0,0000|0,00||0,00|0,0000|0,000|0,0000|0,00|55|
|C170|4|000000000012168360||1,0000|27|115,26|0,00|0|000|1102|1|0,00|0,00|0,00|0,00|0,00|0,00||||0,00|0,00|0,00||0,00|0,0000|0,000|0,0000|0,00||0,00|0,0000|0,000|0,0000|0,00|55|
|C190|000|1102|0,00|398,87|0,00|0,00|0,00|0,00|0,00|0,00||
|C100|0|1|FOR000000143|55|00|1|1402887|27151260409075015508550010014028871837566858|10122015|10122015|86,28|2|0,00|0,00|86,28|0|0,00|0,00|0,00|86,28|14,67|0,00|0,00|0,00|0,00|0,00|0,00|0,00|
|C170|1|000000000012133006||2,0000|25|86,28|0,00|0|000|1102|1|0,00|0,00|0,00|0,00|0,00|0,00||||0,00|0,00|0,00||0,00|0,0000|0,000|0,0000|0,00||0,00|0,0000|0,000|0,0000|0,00|55|
|C190|000|1102|0,00|86,28|0,00|0,00|0,00|0,00|0,00|0,00||
|C100|0|1|FOR000000143|55|00|1|1409328|27151260409075015508550010014093281728109646|17122015|17122015|350,06|2|0,00|0,00|350,06|0|0,00|0,00|0,00|350,06|59,51|0,00|0,00|0,00|0,00|0,00|0,00|0,00|
|C170|1|000000000012133134||6,0000|25|79,06|0,00|0|000|1102|1|0,00|0,00|0,00|0,00|0,00|0,00||||0,00|0,00|0,00||0,00|0,0000|0,000|0,0000|0,00||0,00|0,0000|0,000|0,0000|0,00|55|
|C170|2|000000000000411059||1,0000|27|155,74|0,00|0|000|1102|1|0,00|0,00|0,00|0,00|0,00|0,00||||0,00|0,00|0,00||0,00|0,0000|0,000|0,0000|0,00||0,00|0,0000|0,000|0,0000|0,00|55|
|C170|3|000000000012168360||1,0000|27|115,26|0,00|0|000|1102|1|0,00|0,00|0,00|0,00|0,00|0,00||||0,00|0,00|0,00||0,00|0,0000|0,000|0,0000|0,00||0,00|0,0000|0,000|0,0000|0,00|55|
|C190|000|1102|0,00|350,06|0,00|0,00|0,00|0,00|0,00|0,00||
|C100|0|1|FOR000000143|55|00|1|1409329|27151260409075015508550010014093291507121357|17122015|17122015|79,38|2|0,00|0,00|79,38|0|0,00|0,00|0,00|79,38|13,49|0,00|0,00|0,00|0,00|0,00|0,00|0,00|
|C170|1|000000000012133006||2,0000|25|79,38|0,00|0|000|1102|1|0,00|0,00|0,00|0,00|0,00|0,00||||0,00|0,00|0,00||0,00|0,0000|0,000|0,0000|0,00||0,00|0,0000|0,000|0,0000|0,00|55|
|C190|000|1102|0,00|79,38|0,00|0,00|0,00|0,00|0,00|0,00||
|C100|0|1|FOR000000143|55|00|1|1416755|27151260409075015508550010014167551268364140|24122015|24122015|415,30|2|0,00|0,00|415,30|0|0,00|0,00|0,00|415,30|70,60|0,00|0,00|0,00|0,00|0,00|0,00|0,00|
|C170|1|000000000012133134||1,0000|27|161,61|0,00|0|000|1102|1|0,00|0,00|0,00|0,00|0,00|0,00||||0,00|0,00|0,00||0,00|0,0000|0,000|0,0000|0,00||0,00|0,0000|0,000|0,0000|0,00|55|
|C170|2|000000000000411059||1,0000|27|138,43|0,00|0|000|1102|1|0,00|0,00|0,00|0,00|0,00|0,00||||0,00|0,00|0,00||0,00|0,0000|0,000|0,0000|0,00||0,00|0,0000|0,000|0,0000|0,00|55|
|C170|3|000000000012168360||1,0000|27|115,26|0,00|0|000|1102|1|0,00|0,00|0,00|0,00|0,00|0,00||||0,00|0,00|0,00||0,00|0,0000|0,000|0,0000|0,00||0,00|0,0000|0,000|0,0000|0,00|55|
|C190|000|1102|0,00|415,30|0,00|0,00|0,00|0,00|0,00|0,00||
|C100|0|1|FOR000000143|55|00|1|1416756|27151260409075015508550010014167561174661483|24122015|24122015|81,10|2|0,00|0,00|81,10|0|0,00|0,00|0,00|81,10|13,79|0,00|0,00|0,00|0,00|0,00|0,00|0,00|
|C170|1|000000000012133006||2,0000|25|81,10|0,00|0|000|1102|1|0,00|0,00|0,00|0,00|0,00|0,00||||0,00|0,00|0,00||0,00|0,0000|0,000|0,0000|0,00||0,00|0,0000|0,000|0,0000|0,00|55|
|C190|000|1102|0,00|81,10|0,00|0,00|0,00|0,00|0,00|0,00||
|C100|0|1|FOR000000144|55|00|3|108312|27151224322398000140550030001083121197925088|01122015|01122015|50,76|2|0,00|0,00|50,76|9|0,00|0,00|0,00|50,76|8,63|0,00|0,00|0,00|0,00|0,00|0,00|0,00|
|C170|1|600199||0,5980|22|50,76|0,00|0|000|1102|1|0,00|0,00|0,00|0,00|0,00|0,00||||0,00|0,00|0,00||0,00|0,0000|0,000|0,0000|0,00||0,00|0,0000|0,000|0,0000|0,00|55|
|C190|000|1102|0,00|50,76|0,00|0,00|0,00|0,00|0,00|0,00||
|C100|0|1|FOR000000144|55|00|3|108521|27151224322398000140550030001085211198046380|05122015|05122015|67,57|2|0,00|0,00|67,57|9|0,00|0,00|0,00|64,38|10,94|0,00|0,00|0,00|0,00|0,00|0,00|0,00|
|C170|1|109100||5,0000|27|16,45|0,00|0|000|1102|1|0,00|0,00|0,00|0,00|0,00|0,00||||0,00|0,00|0,00||0,00|0,0000|0,000|0,0000|0,00||0,00|0,0000|0,000|0,0000|0,00|55|
|C170|2|266635||2,0000|2|19,38|0,00|0|000|1102|1|0,00|0,00|0,00|0,00|0,00|0,00||||0,00|0,00|0,00||0,00|0,0000|0,000|0,0000|0,00||0,00|0,0000|0,000|0,0000|0,00|55|
|C170|3|240125||1,0000|27|10,90|0,00|0|000|1102|1|0,00|0,00|0,00|0,00|0,00|0,00||||0,00|0,00|0,00||0,00|0,0000|0,000|0,0000|0,00||0,00|0,0000|0,000|0,0000|0,00|55|
|C170|4|600199||0,2080|22|17,65|0,00|0|000|1102|1|0,00|0,00|0,00|0,00|0,00|0,00||||0,00|0,00|0,00||0,00|0,0000|0,000|0,0000|0,00||0,00|0,0000|0,000|0,0000|0,00|55|
|C170|5|219533||1,0000|2|3,19|0,00|0|000|1102|1|0,00|0,00|0,00|0,00|0,00|0,00||||0,00|0,00|0,00||0,00|0,0000|0,000|0,0000|0,00||0,00|0,0000|0,000|0,0000|0,00|55|
|C190|000|1102|0,00|67,57|0,00|0,00|0,00|0,00|0,00|0,00||
|C100|0|1|FOR000000144|55|00|3|108564|27151224322398000140550030001085641198084556|07122015|07122015|77,71|2|0,00|0,00|77,71|9|0,00|0,00|0,00|71,04|12,08|0,00|0,00|0,00|0,00|0,00|0,00|0,00|
|C170|1|219436||1,0000|2|2,09|0,00|0|000|1102|1|0,00|0,00|0,00|0,00|0,00|0,00||||0,00|0,00|0,00||0,00|0,0000|0,000|0,0000|0,00||0,00|0,0000|0,000|0,0000|0,00|55|
|C170|2|216569||0,5740|22|31,50|0,00|0|000|1102|1|0,00|0,00|0,00|0,00|0,00|0,00||||0,00|0,00|0,00||0,00|0,0000|0,000|0,0000|0,00||0,00|0,0000|0,000|0,0000|0,00|55|
|C170|3|600199||0,1940|22|16,47|0,00|0|000|1102|1|0,00|0,00|0,00|0,00|0,00|0,00||||0,00|0,00|0,00||0,00|0,0000|0,000|0,0000|0,00||0,00|0,0000|0,000|0,0000|0,00|55|
|C170|4|1111486||0,6680|2|3,33|0,00|0|000|1102|1|0,00|0,00|0,00|0,00|0,00|0,00||||0,00|0,00|0,00||0,00|0,0000|0,000|0,0000|0,00||0,00|0,0000|0,000|0,0000|0,00|55|
|C170|5|109100||6,0000|27|19,74|0,00|0|000|1102|1|0,00|0,00|0,00|0,00|0,00|0,00||||0,00|0,00|0,00||0,00|0,0000|0,000|0,0000|0,00||0,00|0,0000|0,000|0,0000|0,00|55|
|C170|6|220353||2,0000|2|4,58|0,00|0|000|1102|1|0,00|0,00|0,00|0,00|0,00|0,00||||0,00|0,00|0,00||0,00|0,0000|0,000|0,0000|0,00||0,00|0,0000|0,000|0,0000|0,00|55|
|C190|000|1102|0,00|77,71|0,00|0,00|0,00|0,00|0,00|0,00||
|C100|0|1|FOR000000144|55|00|3|108635|27151224322398000140550030001086351198130098|09122015|09122015|174,41|2|0,00|0,00|174,41|9|0,00|0,00|0,00|174,41|29,65|0,00|0,00|0,00|0,00|0,00|0,00|0,00|
|C170|1|109100||8,0000|27|26,32|0,00|0|000|1102|1|0,00|0,00|0,00|0,00|0,00|0,00||||0,00|0,00|0,00||0,00|0,0000|0,000|0,0000|0,00||0,00|0,0000|0,000|0,0000|0,00|55|
|C170|2|453820||6,0000|27|23,34|0,00|0|000|1102|1|0,00|0,00|0,00|0,00|0,00|0,00||||0,00|0,00|0,00||0,00|0,0000|0,000|0,0000|0,00||0,00|0,0000|0,000|0,0000|0,00|55|
|C170|3|743917||2,0000|27|14,58|0,00|0|000|1102|1|0,00|0,00|0,00|0,00|0,00|0,00||||0,00|0,00|0,00||0,00|0,0000|0,000|0,0000|0,00||0,00|0,0000|0,000|0,0000|0,00|55|
|C170|4|266635||1,0000|2|9,69|0,00|0|000|1102|1|0,00|0,00|0,00|0,00|0,00|0,00||||0,00|0,00|0,00||0,00|0,0000|0,000|0,0000|0,00||0,00|0,0000|0,000|0,0000|0,00|55|
|C170|5|482226||3,0000|27|71,70|0,00|0|000|1102|1|0,00|0,00|0,00|0,00|0,00|0,00||||0,00|0,00|0,00||0,00|0,0000|0,000|0,0000|0,00||0,00|0,0000|0,000|0,0000|0,00|55|
|C170|6|449059||0,4120|22|28,78|0,00|0|000|1102|1|0,00|0,00|0,00|0,00|0,00|0,00||||0,00|0,00|0,00||0,00|0,0000|0,000|0,0000|0,00||0,00|0,0000|0,000|0,0000|0,00|55|
|C190|000|1102|0,00|174,41|0,00|0,00|0,00|0,00|0,00|0,00||
|C100|0|1|FOR000000144|55|00|3|108636|27151224322398000140550030001086361198130176|09122015|09122015|78,77|2|0,00|0,00|78,77|9|0,00|0,00|0,00|78,77|13,39|0,00|0,00|0,00|0,00|0,00|0,00|0,00|
|C170|1|743810||2,0000|27|11,98|0,00|0|000|1102|1|0,00|0,00|0,00|0,00|0,00|0,00||||0,00|0,00|0,00||0,00|0,0000|0,000|0,0000|0,00||0,00|0,0000|0,000|0,0000|0,00|55|
|C170|2|134139||1,0000|27|3,59|0,00|0|000|1102|1|0,00|0,00|0,00|0,00|0,00|0,00||||0,00|0,00|0,00||0,00|0,0000|0,000|0,0000|0,00||0,00|0,0000|0,000|0,0000|0,00|55|
|C170|3|109100||2,0000|27|6,58|0,00|0|000|1102|1|0,00|0,00|0,00|0,00|0,00|0,00||||0,00|0,00|0,00||0,00|0,0000|0,000|0,0000|0,00||0,00|0,0000|0,000|0,0000|0,00|55|
|C170|4|600199||0,4040|22|34,29|0,00|0|000|1102|1|0,00|0,00|0,00|0,00|0,00|0,00||||0,00|0,00|0,00||0,00|0,0000|0,000|0,0000|0,00||0,00|0,0000|0,000|0,0000|0,00|55|
|C170|5|116912||7,0000|27|22,33|0,00|0|000|1102|1|0,00|0,00|0,00|0,00|0,00|0,00||||0,00|0,00|0,00||0,00|0,0000|0,000|0,0000|0,00||0,00|0,0000|0,000|0,0000|0,00|55|
|C190|000|1102|0,00|78,77|0,00|0,00|0,00|0,00|0,00|0,00||
|C100|0|1|FOR000000144|55|00|3|108674|27151224322398000140550030001086741198153118|10122015|10122015|85,66|2|0,00|0,00|85,66|9|0,00|0,00|0,00|57,45|9,77|0,00|0,00|0,00|0,00|0,00|0,00|0,00|
|C170|1|213535||3,0000|27|14,97|0,00|0|000|1102|1|0,00|0,00|0,00|0,00|0,00|0,00||||0,00|0,00|0,00||0,00|0,0000|0,000|0,0000|0,00||0,00|0,0000|0,000|0,0000|0,00|55|
|C170|2|448338||2,0000|2|8,78|0,00|0|000|1102|1|0,00|0,00|0,00|0,00|0,00|0,00||||0,00|0,00|0,00||0,00|0,0000|0,000|0,0000|0,00||0,00|0,0000|0,000|0,0000|0,00|55|
|C170|3|109100||12,0000|27|39,48|0,00|0|000|1102|1|0,00|0,00|0,00|0,00|0,00|0,00||||0,00|0,00|0,00||0,00|0,0000|0,000|0,0000|0,00||0,00|0,0000|0,000|0,0000|0,00|55|
|C170|4|679941||3,0000|27|17,97|0,00|0|000|1102|1|0,00|0,00|0,00|0,00|0,00|0,00||||0,00|0,00|0,00||0,00|0,0000|0,000|0,0000|0,00||0,00|0,0000|0,000|0,0000|0,00|55|
|C170|5|218600||0,2040|22|4,46|0,00|0|000|1102|1|0,00|0,00|0,00|0,00|0,00|0,00||||0,00|0,00|0,00||0,00|0,0000|0,000|0,0000|0,00||0,00|0,0000|0,000|0,0000|0,00|55|
|C190|000|1102|0,00|85,66|0,00|0,00|0,00|0,00|0,00|0,00||
|C100|0|1|FOR000000144|55|00|3|108714|27151224322398000140550030001087141198179181|11122015|11122015|382,63|2|0,00|0,00|382,63|9|0,00|0,00|0,00|340,87|57,95|0,00|0,00|0,00|0,00|0,00|0,00|0,00|
|C170|1|210420||1,2520|22|16,15|0,00|0|000|1102|1|0,00|0,00|0,00|0,00|0,00|0,00||||0,00|0,00|0,00||0,00|0,0000|0,000|0,0000|0,00||0,00|0,0000|0,000|0,0000|0,00|55|
|C170|2|217999||1,6200|22|8,73|0,00|0|000|1102|1|0,00|0,00|0,00|0,00|0,00|0,00||||0,00|0,00|0,00||0,00|0,0000|0,000|0,0000|0,00||0,00|0,0000|0,000|0,0000|0,00|55|
|C170|3|221147||4,0000|27|6,76|0,00|0|000|1102|1|0,00|0,00|0,00|0,00|0,00|0,00||||0,00|0,00|0,00||0,00|0,0000|0,000|0,0000|0,00||0,00|0,0000|0,000|0,0000|0,00|55|
|C170|4|8410179100076||0,4280|27|9,37|0,00|0|000|1102|1|0,00|0,00|0,00|0,00|0,00|0,00||||0,00|0,00|0,00||0,00|0,0000|0,000|0,0000|0,00||0,00|0,0000|0,000|0,0000|0,00|55|
|C170|5|244490||0,5200|22|13,46|0,00|0|000|1102|1|0,00|0,00|0,00|0,00|0,00|0,00||||0,00|0,00|0,00||0,00|0,0000|0,000|0,0000|0,00||0,00|0,0000|0,000|0,0000|0,00|55|
|C170|6|482226||4,0000|27|95,60|0,00|0|000|1102|1|0,00|0,00|0,00|0,00|0,00|0,00||||0,00|0,00|0,00||0,00|0,0000|0,000|0,0000|0,00||0,00|0,0000|0,000|0,0000|0,00|55|
|C170|7|453820||6,0000|27|23,34|0,00|0|000|1102|1|0,00|0,00|0,00|0,00|0,00|0,00||||0,00|0,00|0,00||0,00|0,0000|0,000|0,0000|0,00||0,00|0,0000|0,000|0,0000|0,00|55|
|C170|8|679933||6,0000|27|35,94|0,00|0|000|1102|1|0,00|0,00|0,00|0,00|0,00|0,00||||0,00|0,00|0,00||0,00|0,0000|0,000|0,0000|0,00||0,00|0,0000|0,000|0,0000|0,00|55|
|C170|9|117730||3,0000|27|23,97|0,00|0|000|1102|1|0,00|0,00|0,00|0,00|0,00|0,00||||0,00|0,00|0,00||0,00|0,0000|0,000|0,0000|0,00||0,00|0,0000|0,000|0,0000|0,00|55|
|C170|10|743917||2,0000|27|14,58|0,00|0|000|1102|1|0,00|0,00|0,00|0,00|0,00|0,00||||0,00|0,00|0,00||0,00|0,0000|0,000|0,0000|0,00||0,00|0,0000|0,000|0,0000|0,00|55|
|C170|11|743810||2,0000|27|11,98|0,00|0|000|1102|1|0,00|0,00|0,00|0,00|0,00|0,00||||0,00|0,00|0,00||0,00|0,0000|0,000|0,0000|0,00||0,00|0,0000|0,000|0,0000|0,00|55|
|C170|12|216771||0,8800|22|5,27|0,00|0|000|1102|1|0,00|0,00|0,00|0,00|0,00|0,00||||0,00|0,00|0,00||0,00|0,0000|0,000|0,0000|0,00||0,00|0,0000|0,000|0,0000|0,00|55|
|C170|13|217646||1,0580|22|2,63|0,00|0|000|1102|1|0,00|0,00|0,00|0,00|0,00|0,00||||0,00|0,00|0,00||0,00|0,0000|0,000|0,0000|0,00||0,00|0,0000|0,000|0,0000|0,00|55|
|C170|14|134139||2,0000|27|7,18|0,00|0|000|1102|1|0,00|0,00|0,00|0,00|0,00|0,00||||0,00|0,00|0,00||0,00|0,0000|0,000|0,0000|0,00||0,00|0,0000|0,000|0,0000|0,00|55|
|C170|15|1099313||2,0000|27|4,98|0,00|0|000|1102|1|0,00|0,00|0,00|0,00|0,00|0,00||||0,00|0,00|0,00||0,00|0,0000|0,000|0,0000|0,00||0,00|0,0000|0,000|0,0000|0,00|55|
|C170|16|266635||3,0000|2|29,07|0,00|0|000|1102|1|0,00|0,00|0,00|0,00|0,00|0,00||||0,00|0,00|0,00||0,00|0,0000|0,000|0,0000|0,00||0,00|0,0000|0,000|0,0000|0,00|55|
|C170|17|177776||1,0000|27|6,59|0,00|0|000|1102|1|0,00|0,00|0,00|0,00|0,00|0,00||||0,00|0,00|0,00||0,00|0,0000|0,000|0,0000|0,00||0,00|0,0000|0,000|0,0000|0,00|55|
|C170|18|600199||0,6840|22|58,05|0,00|0|000|1102|1|0,00|0,00|0,00|0,00|0,00|0,00||||0,00|0,00|0,00||0,00|0,0000|0,000|0,0000|0,00||0,00|0,0000|0,000|0,0000|0,00|55|
|C170|19|448320||2,0000|2|8,98|0,00|0|000|1102|1|0,00|0,00|0,00|0,00|0,00|0,00||||0,00|0,00|0,00||0,00|0,0000|0,000|0,0000|0,00||0,00|0,0000|0,000|0,0000|0,00|55|
|C190|000|1102|0,00|382,63|0,00|0,00|0,00|0,00|0,00|0,00||
|C100|0|1|FOR000000144|55|00|3|108780|27151224322398000140550030001087801198227092|14122015|14122015|96,43|2|0,00|0,00|96,43|9|0,00|0,00|0,00|87,65|14,90|0,00|0,00|0,00|0,00|0,00|0,00|0,00|
|C170|1|215252||2,0000|27|17,98|0,00|0|000|1102|1|0,00|0,00|0,00|0,00|0,00|0,00||||0,00|0,00|0,00||0,00|0,0000|0,000|0,0000|0,00||0,00|0,0000|0,000|0,0000|0,00|55|
|C170|2|102695||0,5020|22|13,00|0,00|0|000|1102|1|0,00|0,00|0,00|0,00|0,00|0,00||||0,00|0,00|0,00||0,00|0,0000|0,000|0,0000|0,00||0,00|0,0000|0,000|0,0000|0,00|55|
|C170|3|221147||3,0000|27|5,07|0,00|0|000|1102|1|0,00|0,00|0,00|0,00|0,00|0,00||||0,00|0,00|0,00||0,00|0,0000|0,000|0,0000|0,00||0,00|0,0000|0,000|0,0000|0,00|55|
|C170|4|600199||0,6080|22|51,60|0,00|0|000|1102|1|0,00|0,00|0,00|0,00|0,00|0,00||||0,00|0,00|0,00||0,00|0,0000|0,000|0,0000|0,00||0,00|0,0000|0,000|0,0000|0,00|55|
|C170|5|448338||2,0000|2|8,78|0,00|0|000|1102|1|0,00|0,00|0,00|0,00|0,00|0,00||||0,00|0,00|0,00||0,00|0,0000|0,000|0,0000|0,00||0,00|0,0000|0,000|0,0000|0,00|55|
|C190|000|1102|0,00|96,43|0,00|0,00|0,00|0,00|0,00|0,00||
|C100|0|1|FOR000000144|55|00|3|108843|27151224322398000140550030001088431198250827|15122015|15122015|81,57|2|0,00|0,00|81,57|9|0,00|0,00|0,00|62,85|10,68|0,00|0,00|0,00|0,00|0,00|0,00|0,00|
|C170|1|109312||2,0000|2|9,98|0,00|0|000|1102|1|0,00|0,00|0,00|0,00|0,00|0,00||||0,00|0,00|0,00||0,00|0,0000|0,000|0,0000|0,00||0,00|0,0000|0,000|0,0000|0,00|55|
|C170|2|137847||3,0000|27|59,70|0,00|0|000|1102|1|0,00|0,00|0,00|0,00|0,00|0,00||||0,00|0,00|0,00||0,00|0,0000|0,000|0,0000|0,00||0,00|0,0000|0,000|0,0000|0,00|55|
|C170|3|217549||4,0000|2|8,76|0,00|0|000|1102|1|0,00|0,00|0,00|0,00|0,00|0,00||||0,00|0,00|0,00||0,00|0,0000|0,000|0,0000|0,00||0,00|0,0000|0,000|0,0000|0,00|55|
|C170|4|1111486||0,6280|2|3,13|0,00|0|000|1102|1|0,00|0,00|0,00|0,00|0,00|0,00||||0,00|0,00|0,00||0,00|0,0000|0,000|0,0000|0,00||0,00|0,0000|0,000|0,0000|0,00|55|
|C190|000|1102|0,00|81,57|0,00|0,00|0,00|0,00|0,00|0,00||
|C100|0|1|FOR000000144|55|00|3|108945|27151224322398000140550030001089451198305826|17122015|17122015|143,53|2|0,00|0,00|143,53|9|0,00|0,00|0,00|119,62|20,34|0,00|0,00|0,00|0,00|0,00|0,00|0,00|
|C170|1|219436||2,0000|2|4,18|0,00|0|000|1102|1|0,00|0,00|0,00|0,00|0,00|0,00||||0,00|0,00|0,00||0,00|0,0000|0,000|0,0000|0,00||0,00|0,0000|0,000|0,0000|0,00|55|
|C170|2|448338||2,0000|2|8,78|0,00|0|000|1102|1|0,00|0,00|0,00|0,00|0,00|0,00||||0,00|0,00|0,00||0,00|0,0000|0,000|0,0000|0,00||0,00|0,0000|0,000|0,0000|0,00|55|
|C170|3|7896036090244||8,0000|27|23,92|0,00|0|000|1102|1|0,00|0,00|0,00|0,00|0,00|0,00||||0,00|0,00|0,00||0,00|0,0000|0,000|0,0000|0,00||0,00|0,0000|0,000|0,0000|0,00|55|
|C170|4|8410179100097||4,0000|27|15,16|0,00|0|000|1102|1|0,00|0,00|0,00|0,00|0,00|0,00||||0,00|0,00|0,00||0,00|0,0000|0,000|0,0000|0,00||0,00|0,0000|0,000|0,0000|0,00|55|
|C170|5|111546||6,0000|27|21,54|0,00|0|000|1102|1|0,00|0,00|0,00|0,00|0,00|0,00||||0,00|0,00|0,00||0,00|0,0000|0,000|0,0000|0,00||0,00|0,0000|0,000|0,0000|0,00|55|
|C170|6|8410179100118||4,0000|28|6,36|0,00|0|000|1102|1|0,00|0,00|0,00|0,00|0,00|0,00||||0,00|0,00|0,00||0,00|0,0000|0,000|0,0000|0,00||0,00|0,0000|0,000|0,0000|0,00|55|
|C170|7|109100||16,0000|27|52,64|0,00|0|000|1102|1|0,00|0,00|0,00|0,00|0,00|0,00||||0,00|0,00|0,00||0,00|0,0000|0,000|0,0000|0,00||0,00|0,0000|0,000|0,0000|0,00|55|
|C170|8|217549||5,0000|2|10,95|0,00|0|000|1102|1|0,00|0,00|0,00|0,00|0,00|0,00||||0,00|0,00|0,00||0,00|0,0000|0,000|0,0000|0,00||0,00|0,0000|0,000|0,0000|0,00|55|
|C190|000|1102|0,00|143,53|0,00|0,00|0,00|0,00|0,00|0,00||
|C100|0|1|FOR000000144|55|00|3|109015|27151224322398000140550030001090151198352316|19122015|19122015|203,97|2|0,00|0,00|203,97|9|0,00|0,00|0,00|181,61|30,87|0,00|0,00|0,00|0,00|0,00|0,00|0,00|
|C170|1|600199||0,6160|22|52,28|0,00|0|000|1102|1|0,00|0,00|0,00|0,00|0,00|0,00||||0,00|0,00|0,00||0,00|0,0000|0,000|0,0000|0,00||0,00|0,0000|0,000|0,0000|0,00|55|
|C170|2|117021||2,0000|27|9,98|0,00|0|000|1102|1|0,00|0,00|0,00|0,00|0,00|0,00||||0,00|0,00|0,00||0,00|0,0000|0,000|0,0000|0,00||0,00|0,0000|0,000|0,0000|0,00|55|
|C170|3|784192||3,0000|27|17,97|0,00|0|000|1102|1|0,00|0,00|0,00|0,00|0,00|0,00||||0,00|0,00|0,00||0,00|0,0000|0,000|0,0000|0,00||0,00|0,0000|0,000|0,0000|0,00|55|
|C170|4|743917||2,0000|27|14,58|0,00|0|000|1102|1|0,00|0,00|0,00|0,00|0,00|0,00||||0,00|0,00|0,00||0,00|0,0000|0,000|0,0000|0,00||0,00|0,0000|0,000|0,0000|0,00|55|
|C170|5|679941||5,0000|27|29,95|0,00|0|000|1102|1|0,00|0,00|0,00|0,00|0,00|0,00||||0,00|0,00|0,00||0,00|0,0000|0,000|0,0000|0,00||0,00|0,0000|0,000|0,0000|0,00|55|
|C170|6|453820||8,0000|27|31,12|0,00|0|000|1102|1|0,00|0,00|0,00|0,00|0,00|0,00||||0,00|0,00|0,00||0,00|0,0000|0,000|0,0000|0,00||0,00|0,0000|0,000|0,0000|0,00|55|
|C170|7|393690||1,0000|27|11,90|0,00|0|000|1102|1|0,00|0,00|0,00|0,00|0,00|0,00||||0,00|0,00|0,00||0,00|0,0000|0,000|0,0000|0,00||0,00|0,0000|0,000|0,0000|0,00|55|
|C170|8|748072||1,0000|27|14,90|0,00|0|000|1102|1|0,00|0,00|0,00|0,00|0,00|0,00||||0,00|0,00|0,00||0,00|0,0000|0,000|0,0000|0,00||0,00|0,0000|0,000|0,0000|0,00|55|
|C170|9|187593||1,0000|27|16,90|0,00|0|000|1102|1|0,00|0,00|0,00|0,00|0,00|0,00||||0,00|0,00|0,00||0,00|0,0000|0,000|0,0000|0,00||0,00|0,0000|0,000|0,0000|0,00|55|
|C170|10|448338||1,0000|2|4,39|0,00|0|000|1102|1|0,00|0,00|0,00|0,00|0,00|0,00||||0,00|0,00|0,00||0,00|0,0000|0,000|0,0000|0,00||0,00|0,0000|0,000|0,0000|0,00|55|
|C190|000|1102|0,00|203,97|0,00|0,00|0,00|0,00|0,00|0,00||
|C100|0|1|FOR000000144|55|00|3|109077|27151224322398000140550030001090771198391306|21122015|21122015|43,87|2|0,00|0,00|43,87|9|0,00|0,00|0,00|11,56|1,97|0,00|0,00|0,00|0,00|0,00|0,00|0,00|
|C170|1|574929||3,0000|27|14,67|0,00|0|000|1102|1|0,00|0,00|0,00|0,00|0,00|0,00||||0,00|0,00|0,00||0,00|0,0000|0,000|0,0000|0,00||0,00|0,0000|0,000|0,0000|0,00|55|
|C170|2|210420||1,3680|22|17,64|0,00|0|000|1102|1|0,00|0,00|0,00|0,00|0,00|0,00||||0,00|0,00|0,00||0,00|0,0000|0,000|0,0000|0,00||0,00|0,0000|0,000|0,0000|0,00|55|
|C170|3|209147||0,2520|22|11,56|0,00|0|000|1102|1|0,00|0,00|0,00|0,00|0,00|0,00||||0,00|0,00|0,00||0,00|0,0000|0,000|0,0000|0,00||0,00|0,0000|0,000|0,0000|0,00|55|
|C190|000|1102|0,00|43,87|0,00|0,00|0,00|0,00|0,00|0,00||
|C100|0|1|FOR000000144|55|00|3|109080|27151224322398000140550030001090801198391646|21122015|21122015|66,60|2|0,00|0,00|66,60|9|0,00|0,00|0,00|60,23|10,24|0,00|0,00|0,00|0,00|0,00|0,00|0,00|
|C170|1|210420||0,4940|22|6,37|0,00|0|000|1102|1|0,00|0,00|0,00|0,00|0,00|0,00||||0,00|0,00|0,00||0,00|0,0000|0,000|0,0000|0,00||0,00|0,0000|0,000|0,0000|0,00|55|
|C170|2|748072||1,0000|27|14,90|0,00|0|000|1102|1|0,00|0,00|0,00|0,00|0,00|0,00||||0,00|0,00|0,00||0,00|0,0000|0,000|0,0000|0,00||0,00|0,0000|0,000|0,0000|0,00|55|
|C170|3|600199||0,5340|22|45,33|0,00|0|000|1102|1|0,00|0,00|0,00|0,00|0,00|0,00||||0,00|0,00|0,00||0,00|0,0000|0,000|0,0000|0,00||0,00|0,0000|0,000|0,0000|0,00|55|
|C190|000|1102|0,00|66,60|0,00|0,00|0,00|0,00|0,00|0,00||
|C100|0|1|FOR000000144|55|00|3|109138|27151224322398000140550030001091381198419755|22122015|22122015|137,27|2|0,00|0,00|137,27|9|0,00|0,00|0,00|126,37|21,48|0,00|0,00|0,00|0,00|0,00|0,00|0,00|
|C170|1|209147||0,6660|22|30,54|0,00|0|000|1102|1|0,00|0,00|0,00|0,00|0,00|0,00||||0,00|0,00|0,00||0,00|0,0000|0,000|0,0000|0,00||0,00|0,0000|0,000|0,0000|0,00|55|
|C170|2|117730||1,0000|27|7,99|0,00|0|000|1102|1|0,00|0,00|0,00|0,00|0,00|0,00||||0,00|0,00|0,00||0,00|0,0000|0,000|0,0000|0,00||0,00|0,0000|0,000|0,0000|0,00|55|
|C170|3|506052||1,0000|2|10,90|0,00|0|000|1102|1|0,00|0,00|0,00|0,00|0,00|0,00||||0,00|0,00|0,00||0,00|0,0000|0,000|0,0000|0,00||0,00|0,0000|0,000|0,0000|0,00|55|
|C170|4|403008||1,0000|27|16,90|0,00|0|000|1102|1|0,00|0,00|0,00|0,00|0,00|0,00||||0,00|0,00|0,00||0,00|0,0000|0,000|0,0000|0,00||0,00|0,0000|0,000|0,0000|0,00|55|
|C170|5|600199||0,8360|22|70,94|0,00|0|000|1102|1|0,00|0,00|0,00|0,00|0,00|0,00||||0,00|0,00|0,00||0,00|0,0000|0,000|0,0000|0,00||0,00|0,0000|0,000|0,0000|0,00|55|
|C190|000|1102|0,00|137,27|0,00|0,00|0,00|0,00|0,00|0,00||
|C100|0|1|FOR000000144|55|00|3|109261|27151224322398000140550030001092611198505167|26122015|26122015|207,02|2|0,00|0,00|207,02|9|0,00|0,00|0,00|144,64|24,59|0,00|0,00|0,00|0,00|0,00|0,00|0,00|
|C170|1|600199||0,6020|22|51,10|0,00|0|000|1102|1|0,00|0,00|0,00|0,00|0,00|0,00||||0,00|0,00|0,00||0,00|0,0000|0,000|0,0000|0,00||0,00|0,0000|0,000|0,0000|0,00|55|
|C170|2|280747||0,1380|22|13,78|0,00|0|000|1102|1|0,00|0,00|0,00|0,00|0,00|0,00||||0,00|0,00|0,00||0,00|0,0000|0,000|0,0000|0,00||0,00|0,0000|0,000|0,0000|0,00|55|
|C170|3|244481||0,9840|22|25,48|0,00|0|000|1102|1|0,00|0,00|0,00|0,00|0,00|0,00||||0,00|0,00|0,00||0,00|0,0000|0,000|0,0000|0,00||0,00|0,0000|0,000|0,0000|0,00|55|
|C170|4|174149||2,0000|27|11,98|0,00|0|000|1102|1|0,00|0,00|0,00|0,00|0,00|0,00||||0,00|0,00|0,00||0,00|0,0000|0,000|0,0000|0,00||0,00|0,0000|0,000|0,0000|0,00|55|
|C170|5|217646||0,7640|22|1,90|0,00|0|000|1102|1|0,00|0,00|0,00|0,00|0,00|0,00||||0,00|0,00|0,00||0,00|0,0000|0,000|0,0000|0,00||0,00|0,0000|0,000|0,0000|0,00|55|
|C170|6|210420||1,7480|22|22,54|0,00|0|000|1102|1|0,00|0,00|0,00|0,00|0,00|0,00||||0,00|0,00|0,00||0,00|0,0000|0,000|0,0000|0,00||0,00|0,0000|0,000|0,0000|0,00|55|
|C170|7|216780||0,8300|22|2,97|0,00|0|000|1102|1|0,00|0,00|0,00|0,00|0,00|0,00||||0,00|0,00|0,00||0,00|0,0000|0,000|0,0000|0,00||0,00|0,0000|0,000|0,0000|0,00|55|
|C170|8|8410179100097||4,0000|27|15,16|0,00|0|000|1102|1|0,00|0,00|0,00|0,00|0,00|0,00||||0,00|0,00|0,00||0,00|0,0000|0,000|0,0000|0,00||0,00|0,0000|0,000|0,0000|0,00|55|
|C170|9|266635||2,0000|2|19,38|0,00|0|000|1102|1|0,00|0,00|0,00|0,00|0,00|0,00||||0,00|0,00|0,00||0,00|0,0000|0,000|0,0000|0,00||0,00|0,0000|0,000|0,0000|0,00|55|
|C170|10|147370||3,0000|28|3,27|0,00|0|000|1102|1|0,00|0,00|0,00|0,00|0,00|0,00||||0,00|0,00|0,00||0,00|0,0000|0,000|0,0000|0,00||0,00|0,0000|0,000|0,0000|0,00|55|
|C170|11|506052||2,0000|2|21,80|0,00|0|000|1102|1|0,00|0,00|0,00|0,00|0,00|0,00||||0,00|0,00|0,00||0,00|0,0000|0,000|0,0000|0,00||0,00|0,0000|0,000|0,0000|0,00|55|
|C170|12|448338||3,0000|2|13,17|0,00|0|000|1102|1|0,00|0,00|0,00|0,00|0,00|0,00||||0,00|0,00|0,00||0,00|0,0000|0,000|0,0000|0,00||0,00|0,0000|0,000|0,0000|0,00|55|
|C170|13|109614||1,0000|27|4,49|0,00|0|000|1102|1|0,00|0,00|0,00|0,00|0,00|0,00||||0,00|0,00|0,00||0,00|0,0000|0,000|0,0000|0,00||0,00|0,0000|0,000|0,0000|0,00|55|
|C190|000|1102|0,00|207,02|0,00|0,00|0,00|0,00|0,00|0,00||
|C100|0|1|FOR000000160|55|00|1|8852|27151210932832000108550010000088521000088523|12122015|12122015|967,80|2|0,00|0,00|967,80|9|0,00|0,00|0,00|0,00|0,00|0,00|0,00|0,00|0,00|0,00|0,00|0,00|
|C170|1|8410179100160||12,0000|2|19,80|0,00|0|000|1403|6|0,00|0,00|0,00|0,00|0,00|0,00||||0,00|0,00|0,00||0,00|0,0000|0,000|0,0000|0,00||0,00|0,0000|0,000|0,0000|0,00|55|
|C170|2|001255||12,0000|2|27,60|0,00|0|000|1403|6|0,00|0,00|0,00|0,00|0,00|0,00||||0,00|0,00|0,00||0,00|0,0000|0,000|0,0000|0,00||0,00|0,0000|0,000|0,0000|0,00|55|
|C170|3|000428||12,0000|2|24,00|0,00|0|000|1403|6|0,00|0,00|0,00|0,00|0,00|0,00||||0,00|0,00|0,00||0,00|0,0000|0,000|0,0000|0,00||0,00|0,0000|0,000|0,0000|0,00|55|
|C170|4|000413||72,0000|2|162,00|0,00|0|000|1403|6|0,00|0,00|0,00|0,00|0,00|0,00||||0,00|0,00|0,00||0,00|0,0000|0,000|0,0000|0,00||0,00|0,0000|0,000|0,0000|0,00|55|
|C170|5|8410179100314||48,0000|2|144,00|0,00|0|000|1403|6|0,00|0,00|0,00|0,00|0,00|0,00||||0,00|0,00|0,00||0,00|0,0000|0,000|0,0000|0,00||0,00|0,0000|0,000|0,0000|0,00|55|
|C170|6|001220||108,0000|2|124,20|0,00|0|000|1403|6|0,00|0,00|0,00|0,00|0,00|0,00||||0,00|0,00|0,00||0,00|0,0000|0,000|0,0000|0,00||0,00|0,0000|0,000|0,0000|0,00|55|
|C170|7|8410179100301||2,0000|2|36,00|0,00|0|000|1403|6|0,00|0,00|0,00|0,00|0,00|0,00||||0,00|0,00|0,00||0,00|0,0000|0,000|0,0000|0,00||0,00|0,0000|0,000|0,0000|0,00|55|
|C170|8|001486||12,0000|2|19,80|0,00|0|000|1403|6|0,00|0,00|0,00|0,00|0,00|0,00||||0,00|0,00|0,00||0,00|0,0000|0,000|0,0000|0,00||0,00|0,0000|0,000|0,0000|0,00|55|
|C170|9|143||204,0000|2|153,00|0,00|0|000|1403|6|0,00|0,00|0,00|0,00|0,00|0,00||||0,00|0,00|0,00||0,00|0,0000|0,000|0,0000|0,00||0,00|0,0000|0,000|0,0000|0,00|55|
|C170|10|000408||108,0000|2|216,00|0,00|0|000|1403|6|0,00|0,00|0,00|0,00|0,00|0,00||||0,00|0,00|0,00||0,00|0,0000|0,000|0,0000|0,00||0,00|0,0000|0,000|0,0000|0,00|55|
|C170|11|000421||12,0000|2|24,00|0,00|0|000|1403|6|0,00|0,00|0,00|0,00|0,00|0,00||||0,00|0,00|0,00||0,00|0,0000|0,000|0,0000|0,00||0,00|0,0000|0,000|0,0000|0,00|55|
|C170|12|000416||12,0000|9|17,40|0,00|0|000|1403|6|0,00|0,00|0,00|0,00|0,00|0,00||||0,00|0,00|0,00||0,00|0,0000|0,000|0,0000|0,00||0,00|0,0000|0,000|0,0000|0,00|55|
|C190|000|1403|0,00|967,80|0,00|0,00|0,00|0,00|0,00|0,00||
|C100|0|1|FOR000000160|55|00|1|8862|27151210932832000108550010000088621000088627|15122015|15122015|265,20|2|0,00|0,00|265,20|9|0,00|0,00|0,00|0,00|0,00|0,00|0,00|0,00|0,00|0,00|0,00|0,00|
|C170|1|000408||36,0000|2|72,00|0,00|0|000|1403|6|0,00|0,00|0,00|0,00|0,00|0,00||||0,00|0,00|0,00||0,00|0,0000|0,000|0,0000|0,00||0,00|0,0000|0,000|0,0000|0,00|55|
|C170|2|8410179100301||2,0000|2|36,00|0,00|0|000|1403|6|0,00|0,00|0,00|0,00|0,00|0,00||||0,00|0,00|0,00||0,00|0,0000|0,000|0,0000|0,00||0,00|0,0000|0,000|0,0000|0,00|55|
|C170|3|000421||12,0000|2|24,00|0,00|0|000|1403|6|0,00|0,00|0,00|0,00|0,00|0,00||||0,00|0,00|0,00||0,00|0,0000|0,000|0,0000|0,00||0,00|0,0000|0,000|0,0000|0,00|55|
|C170|4|000428||12,0000|2|24,00|0,00|0|000|1403|6|0,00|0,00|0,00|0,00|0,00|0,00||||0,00|0,00|0,00||0,00|0,0000|0,000|0,0000|0,00||0,00|0,0000|0,000|0,0000|0,00|55|
|C170|5|000413||12,0000|2|27,00|0,00|0|000|1403|6|0,00|0,00|0,00|0,00|0,00|0,00||||0,00|0,00|0,00||0,00|0,0000|0,000|0,0000|0,00||0,00|0,0000|0,000|0,0000|0,00|55|
|C170|6|000416||12,0000|9|17,40|0,00|0|000|1403|6|0,00|0,00|0,00|0,00|0,00|0,00||||0,00|0,00|0,00||0,00|0,0000|0,000|0,0000|0,00||0,00|0,0000|0,000|0,0000|0,00|55|
|C170|7|8410179100160||12,0000|2|19,80|0,00|0|000|1403|6|0,00|0,00|0,00|0,00|0,00|0,00||||0,00|0,00|0,00||0,00|0,0000|0,000|0,0000|0,00||0,00|0,0000|0,000|0,0000|0,00|55|
|C170|8|143||60,0000|2|45,00|0,00|0|000|1403|6|0,00|0,00|0,00|0,00|0,00|0,00||||0,00|0,00|0,00||0,00|0,0000|0,000|0,0000|0,00||0,00|0,0000|0,000|0,0000|0,00|55|
|C190|000|1403|0,00|265,20|0,00|0,00|0,00|0,00|0,00|0,00||
|C100|0|1|FOR000000160|55|00|1|8894|27151210932832000108550010000088941000088949|17122015|17122015|105,60|2|0,00|0,00|105,60|9|0,00|0,00|0,00|0,00|0,00|0,00|0,00|0,00|0,00|0,00|0,00|0,00|
|C170|1|8410179100301||1,0000|2|18,00|0,00|0|000|1403|6|0,00|0,00|0,00|0,00|0,00|0,00||||0,00|0,00|0,00||0,00|0,0000|0,000|0,0000|0,00||0,00|0,0000|0,000|0,0000|0,00|55|
|C170|2|143||48,0000|2|36,00|0,00|0|000|1403|6|0,00|0,00|0,00|0,00|0,00|0,00||||0,00|0,00|0,00||0,00|0,0000|0,000|0,0000|0,00||0,00|0,0000|0,000|0,0000|0,00|55|
|C170|3|000408||12,0000|2|24,00|0,00|0|000|1403|6|0,00|0,00|0,00|0,00|0,00|0,00||||0,00|0,00|0,00||0,00|0,0000|0,000|0,0000|0,00||0,00|0,0000|0,000|0,0000|0,00|55|
|C170|4|001220||24,0000|2|27,60|0,00|0|000|1403|6|0,00|0,00|0,00|0,00|0,00|0,00||||0,00|0,00|0,00||0,00|0,0000|0,000|0,0000|0,00||0,00|0,0000|0,000|0,0000|0,00|55|
|C190|000|1403|0,00|105,60|0,00|0,00|0,00|0,00|0,00|0,00||
|C100|0|1|FOR000000161|55|00|1|239565|26151204666316000178550010002395651111007128|07122015|07122015|268,92|2|0,00|0,00|268,92|0|0,00|0,00|0,00|268,92|18,82|0,00|0,00|0,00|0,00|0,00|0,00|0,00|
|C170|1|8410179100263||5,1900|22|230,96|0,00|0|000|2102|1|0,00|0,00|0,00|0,00|0,00|0,00||||0,00|0,00|0,00||0,00|0,0000|0,000|0,0000|0,00||0,00|0,0000|0,000|0,0000|0,00|55|
|C170|2|192||3,0000|22|37,96|0,00|0|000|2102|1|0,00|0,00|0,00|0,00|0,00|0,00||||0,00|0,00|0,00||0,00|0,0000|0,000|0,0000|0,00||0,00|0,0000|0,000|0,0000|0,00|55|
|C190|000|2102|0,00|268,92|0,00|0,00|0,00|0,00|0,00|0,00||
|C100|0|1|FOR000000161|55|00|1|240212|26151204666316000178550010002402121111014127|14122015|14122015|462,35|2|0,00|0,00|462,35|0|0,00|0,00|0,00|462,35|32,36|0,00|0,00|0,00|0,00|0,00|0,00|0,00|
|C170|1|8410179100263||5,0300|22|235,91|0,00|0|000|2102|1|0,00|0,00|0,00|0,00|0,00|0,00||||0,00|0,00|0,00||0,00|0,0000|0,000|0,0000|0,00||0,00|0,0000|0,000|0,0000|0,00|55|
|C170|2|5403||2,0000|22|173,53|0,00|0|000|2102|1|0,00|0,00|0,00|0,00|0,00|0,00||||0,00|0,00|0,00||0,00|0,0000|0,000|0,0000|0,00||0,00|0,0000|0,000|0,0000|0,00|55|
|C170|3|1004||5,0000|2|52,91|0,00|0|000|2102|1|0,00|0,00|0,00|0,00|0,00|0,00||||0,00|0,00|0,00||0,00|0,0000|0,000|0,0000|0,00||0,00|0,0000|0,000|0,0000|0,00|55|
|C190|000|2102|0,00|462,35|0,00|0,00|0,00|0,00|0,00|0,00||
|C100|0|1|FOR000000161|55|00|1|241219|26151204666316000178550010002412191111022125|22122015|22122015|353,25|2|0,00|0,00|353,25|0|0,00|0,00|0,00|353,25|24,73|0,00|0,00|0,00|0,00|0,00|0,00|0,00|
|C170|1|1132||10,0000|22|85,00|0,00|0|000|2102|1|0,00|0,00|0,00|0,00|0,00|0,00||||0,00|0,00|0,00||0,00|0,0000|0,000|0,0000|0,00||0,00|0,0000|0,000|0,0000|0,00|55|
|C170|2|8410179100263||5,1800|22|242,94|0,00|0|000|2102|1|0,00|0,00|0,00|0,00|0,00|0,00||||0,00|0,00|0,00||0,00|0,0000|0,000|0,0000|0,00||0,00|0,0000|0,000|0,0000|0,00|55|
|C170|3|192||2,0000|22|25,31|0,00|0|000|2102|1|0,00|0,00|0,00|0,00|0,00|0,00||||0,00|0,00|0,00||0,00|0,0000|0,000|0,0000|0,00||0,00|0,0000|0,000|0,0000|0,00|55|
|C190|000|2102|0,00|353,25|0,00|0,00|0,00|0,00|0,00|0,00||
|C100|0|1|FOR000000161|55|00|1|241856|26151204666316000178550010002418561111029126|29122015|29122015|324,23|2|0,00|0,00|324,23|0|0,00|0,00|0,00|0,00|0,00|0,00|0,00|0,00|0,00|0,00|0,00|0,00|
|C170|1|192||3,0000|22|36,82|0,00|0|000|2102|6|0,00|0,00|0,00|0,00|0,00|0,00||||0,00|0,00|0,00||0,00|0,0000|0,000|0,0000|0,00||0,00|0,0000|0,000|0,0000|0,00|55|
|C170|2|8410179100263||5,0000|22|234,50|0,00|0|000|2102|6|0,00|0,00|0,00|0,00|0,00|0,00||||0,00|0,00|0,00||0,00|0,0000|0,000|0,0000|0,00||0,00|0,0000|0,000|0,0000|0,00|55|
|C170|3|1004||5,0000|2|52,91|0,00|0|000|2102|6|0,00|0,00|0,00|0,00|0,00|0,00||||0,00|0,00|0,00||0,00|0,0000|0,000|0,0000|0,00||0,00|0,0000|0,000|0,0000|0,00|55|
|C190|000|2102|0,00|324,23|0,00|0,00|0,00|0,00|0,00|0,00||
|C100|0|1|FOR000000164|55|00|2|50182|27151200283120000143550020000501821005628823|30122015|30122015|1722,66|2|0,00|0,00|1722,66|9|0,00|0,00|0,00|0,00|0,00|0,00|0,00|0,00|0,00|0,00|0,00|0,00|
|C170|1|14626||5,0000|1|137,50|0,00|0|210|1403|6|0,00|17,00|0,00|0,00|0,00|0,00||||0,00|0,00|0,00||0,00|0,0000|0,000|0,0000|0,00||0,00|0,0000|0,000|0,0000|0,00|55|
|C170|2|8410179100121||4,0000|1|291,56|0,00|0|210|1403|6|0,00|17,00|0,00|0,00|0,00|0,00||||0,00|0,00|0,00||0,00|0,0000|0,000|0,0000|0,00||0,00|0,0000|0,000|0,0000|0,00|55|
|C170|3|7797||2,0000|1|224,00|0,00|0|010|1403|6|0,00|17,00|0,00|0,00|0,00|0,00||||0,00|0,00|0,00||0,00|0,0000|0,000|0,0000|0,00||0,00|0,0000|0,000|0,0000|0,00|55|
|C170|4|8655||4,0000|1|270,80|0,00|0|210|1403|6|0,00|17,00|0,00|0,00|0,00|0,00||||0,00|0,00|0,00||0,00|0,0000|0,000|0,0000|0,00||0,00|0,0000|0,000|0,0000|0,00|55|
|C170|5|8410179100315||4,0000|1|291,56|0,00|0|010|1403|6|0,00|17,00|0,00|0,00|0,00|0,00||||0,00|0,00|0,00||0,00|0,0000|0,000|0,0000|0,00||0,00|0,0000|0,000|0,0000|0,00|55|
|C170|6|18195||2,0000|1|75,90|0,00|0|010|1403|6|0,00|17,00|0,00|0,00|0,00|0,00||||0,00|0,00|0,00||0,00|0,0000|0,000|0,0000|0,00||0,00|0,0000|0,000|0,0000|0,00|55|
|C170|7|1838||1,0000|1|267,89|0,00|0|210|1403|6|0,00|17,00|0,00|0,00|0,00|0,00||||0,00|0,00|0,00||0,00|0,0000|0,000|0,0000|0,00||0,00|0,0000|0,000|0,0000|0,00|55|
|C170|8|14625||3,0000|1|82,50|0,00|0|210|1403|6|0,00|17,00|0,00|0,00|0,00|0,00||||0,00|0,00|0,00||0,00|0,0000|0,000|0,0000|0,00||0,00|0,0000|0,000|0,0000|0,00|55|
|C190|010|1403|17,00|620,62|0,00|0,00|0,00|0,00|0,00|0,00||
|C190|210|1403|17,00|1102,04|0,00|0,00|0,00|0,00|0,00|0,00||
|C100|0|1|FOR000000174|55|00|1|1437701|27151206272199001599550010014377011014377015|02122015|02122015|48,16|2|0,00|0,00|47,23|0|0,00|0,00|0,00|0,00|0,00|0,00|0,00|0,00|0,00|0,00|0,00|0,00|
|C170|1|0000000581||1,0000|27|23,96|0,00|0|000|1403|6|0,00|0,00|0,00|0,00|0,00|0,00||||0,00|0,00|0,00||0,00|0,0000|0,000|0,0000|0,00||0,00|0,0000|0,000|0,0000|0,00|55|
|C170|2|8410179100241||1,0000|27|22,71|0,00|0|010|1403|6|0,00|17,00|0,00|0,00|0,00|0,00||||0,00|0,00|0,00||0,00|0,0000|0,000|0,0000|0,00||0,00|0,0000|0,000|0,0000|0,00|55|
|C190|000|1403|0,00|24,52|0,00|0,00|0,00|0,00|0,00|0,00||
|C190|010|1403|17,00|23,64|0,00|0,00|0,00|0,00|0,00|0,00||
|C195|8||
|C195|9||
|C100|0|1|FOR000000174|55|00|1|1463349|27151206272199001599550010014633491014633490|16122015|16122015|609,42|2|72,30|0,00|609,42|0|0,00|0,00|0,00|0,00|0,00|0,00|0,00|0,00|0,00|0,00|0,00|0,00|
|C170|1|8410179100280||16,0000|27|246,72|53,76|0|000|1403|6|0,00|0,00|0,00|0,00|0,00|0,00||||0,00|0,00|0,00||0,00|0,0000|0,000|0,0000|0,00||0,00|0,0000|0,000|0,0000|0,00|55|
|C170|2|8410179100240||20,0000|27|380,40|18,00|0|000|1403|6|0,00|0,00|0,00|0,00|0,00|0,00||||0,00|0,00|0,00||0,00|0,0000|0,000|0,0000|0,00||0,00|0,0000|0,000|0,0000|0,00|55|
|C170|3|8410179100181||1,0000|27|21,64|0,00|0|000|1403|6|0,00|0,00|0,00|0,00|0,00|0,00||||0,00|0,00|0,00||0,00|0,0000|0,000|0,0000|0,00||0,00|0,0000|0,000|0,0000|0,00|55|
|C170|4|8410179100239||3,0000|27|31,32|0,54|0|000|1403|6|0,00|0,00|0,00|0,00|0,00|0,00||||0,00|0,00|0,00||0,00|0,0000|0,000|0,0000|0,00||0,00|0,0000|0,000|0,0000|0,00|55|
|C190|000|1403|0,00|609,42|0,00|0,00|0,00|0,00|0,00|0,00||
|C100|0|1|FOR000000185|55|00|1|820|27151211853366000120550010000008201900003033|17122015|17122015|3904,00|2|0,00|0,00|3904,00|0|0,00|0,00|0,00|0,00|0,00|0,00|0,00|0,00|0,00|0,00|0,00|0,00|
|C170|1|8410179100265||3,0000|13|116,70|0,00|0|060|1403|6|0,00|0,00|0,00|0,00|0,00|0,00||||0,00|0,00|0,00||0,00|0,0000|0,000|0,0000|0,00||0,00|0,0000|0,000|0,0000|0,00|55|
|C170|2|8410179100302||3,0000|13|116,70|0,00|0|060|1403|6|0,00|0,00|0,00|0,00|0,00|0,00||||0,00|0,00|0,00||0,00|0,0000|0,000|0,0000|0,00||0,00|0,0000|0,000|0,0000|0,00|55|
|C170|3|88||2,0000|13|139,80|0,00|0|260|1403|6|0,00|0,00|0,00|0,00|0,00|0,00||||0,00|0,00|0,00||0,00|0,0000|0,000|0,0000|0,00||0,00|0,0000|0,000|0,0000|0,00|55|
|C170|4|87||3,0000|13|156,60|0,00|0|260|1403|6|0,00|0,00|0,00|0,00|0,00|0,00||||0,00|0,00|0,00||0,00|0,0000|0,000|0,0000|0,00||0,00|0,0000|0,000|0,0000|0,00|55|
|C170|5|86||3,0000|13|156,60|0,00|0|260|1403|6|0,00|0,00|0,00|0,00|0,00|0,00||||0,00|0,00|0,00||0,00|0,0000|0,000|0,0000|0,00||0,00|0,0000|0,000|0,0000|0,00|55|
|C170|6|84||6,0000|13|224,40|0,00|0|260|1403|6|0,00|0,00|0,00|0,00|0,00|0,00||||0,00|0,00|0,00||0,00|0,0000|0,000|0,0000|0,00||0,00|0,0000|0,000|0,0000|0,00|55|
|C170|7|83||6,0000|13|224,40|0,00|0|260|1403|6|0,00|0,00|0,00|0,00|0,00|0,00||||0,00|0,00|0,00||0,00|0,0000|0,000|0,0000|0,00||0,00|0,0000|0,000|0,0000|0,00|55|
|C170|8|80||3,0000|13|112,20|0,00|0|260|1403|6|0,00|0,00|0,00|0,00|0,00|0,00||||0,00|0,00|0,00||0,00|0,0000|0,000|0,0000|0,00||0,00|0,0000|0,000|0,0000|0,00|55|
|C170|9|79||3,0000|13|112,20|0,00|0|260|1403|6|0,00|0,00|0,00|0,00|0,00|0,00||||0,00|0,00|0,00||0,00|0,0000|0,000|0,0000|0,00||0,00|0,0000|0,000|0,0000|0,00|55|
|C170|10|78||3,0000|13|156,60|0,00|0|260|1403|6|0,00|0,00|0,00|0,00|0,00|0,00||||0,00|0,00|0,00||0,00|0,0000|0,000|0,0000|0,00||0,00|0,0000|0,000|0,0000|0,00|55|
|C170|11|77||3,0000|13|156,60|0,00|0|260|1403|6|0,00|0,00|0,00|0,00|0,00|0,00||||0,00|0,00|0,00||0,00|0,0000|0,000|0,0000|0,00||0,00|0,0000|0,000|0,0000|0,00|55|
|C170|12|69||6,0000|13|224,40|0,00|0|260|1403|6|0,00|0,00|0,00|0,00|0,00|0,00||||0,00|0,00|0,00||0,00|0,0000|0,000|0,0000|0,00||0,00|0,0000|0,000|0,0000|0,00|55|
|C170|13|144||3,0000|13|112,20|0,00|0|260|1403|6|0,00|0,00|0,00|0,00|0,00|0,00||||0,00|0,00|0,00||0,00|0,0000|0,000|0,0000|0,00||0,00|0,0000|0,000|0,0000|0,00|55|
|C170|14|63||3,0000|13|112,20|0,00|0|260|1403|6|0,00|0,00|0,00|0,00|0,00|0,00||||0,00|0,00|0,00||0,00|0,0000|0,000|0,0000|0,00||0,00|0,0000|0,000|0,0000|0,00|55|
|C170|15|60||3,0000|13|84,60|0,00|0|260|1403|6|0,00|0,00|0,00|0,00|0,00|0,00||||0,00|0,00|0,00||0,00|0,0000|0,000|0,0000|0,00||0,00|0,0000|0,000|0,0000|0,00|55|
|C170|16|55||3,0000|13|84,60|0,00|0|260|1403|6|0,00|0,00|0,00|0,00|0,00|0,00||||0,00|0,00|0,00||0,00|0,0000|0,000|0,0000|0,00||0,00|0,0000|0,000|0,0000|0,00|55|
|C170|17|82||3,0000|13|84,60|0,00|0|260|1403|6|0,00|0,00|0,00|0,00|0,00|0,00||||0,00|0,00|0,00||0,00|0,0000|0,000|0,0000|0,00||0,00|0,0000|0,000|0,0000|0,00|55|
|C170|18|134||2,0000|13|165,00|0,00|0|260|1403|6|0,00|0,00|0,00|0,00|0,00|0,00||||0,00|0,00|0,00||0,00|0,0000|0,000|0,0000|0,00||0,00|0,0000|0,000|0,0000|0,00|55|
|C170|19|8410179100136||3,0000|13|179,40|0,00|0|260|1403|6|0,00|0,00|0,00|0,00|0,00|0,00||||0,00|0,00|0,00||0,00|0,0000|0,000|0,0000|0,00||0,00|0,0000|0,000|0,0000|0,00|55|
|C170|20|8410179100135||3,0000|13|179,40|0,00|0|260|1403|6|0,00|0,00|0,00|0,00|0,00|0,00||||0,00|0,00|0,00||0,00|0,0000|0,000|0,0000|0,00||0,00|0,0000|0,000|0,0000|0,00|55|
|C170|21|146||6,0000|13|160,80|0,00|0|260|1403|6|0,00|0,00|0,00|0,00|0,00|0,00||||0,00|0,00|0,00||0,00|0,0000|0,000|0,0000|0,00||0,00|0,0000|0,000|0,0000|0,00|55|
|C170|22|8410179100132||6,0000|13|256,80|0,00|0|260|1403|6|0,00|0,00|0,00|0,00|0,00|0,00||||0,00|0,00|0,00||0,00|0,0000|0,000|0,0000|0,00||0,00|0,0000|0,000|0,0000|0,00|55|
|C170|23|145||6,0000|13|132,60|0,00|0|260|1403|6|0,00|0,00|0,00|0,00|0,00|0,00||||0,00|0,00|0,00||0,00|0,0000|0,000|0,0000|0,00||0,00|0,0000|0,000|0,0000|0,00|55|
|C170|24|8410179100133||4,0000|13|171,20|0,00|0|260|1403|6|0,00|0,00|0,00|0,00|0,00|0,00||||0,00|0,00|0,00||0,00|0,0000|0,000|0,0000|0,00||0,00|0,0000|0,000|0,0000|0,00|55|
|C170|25|197||4,0000|13|171,20|0,00|0|260|1403|6|0,00|0,00|0,00|0,00|0,00|0,00||||0,00|0,00|0,00||0,00|0,0000|0,000|0,0000|0,00||0,00|0,0000|0,000|0,0000|0,00|55|
|C170|26|81||3,0000|13|112,20|0,00|0|260|1403|6|0,00|0,00|0,00|0,00|0,00|0,00||||0,00|0,00|0,00||0,00|0,0000|0,000|0,0000|0,00||0,00|0,0000|0,000|0,0000|0,00|55|
|C190|060|1403|0,00|233,40|0,00|0,00|0,00|0,00|0,00|0,00||
|C190|260|1403|0,00|3670,60|0,00|0,00|0,00|0,00|0,00|0,00||
|C100|0|1|FOR000000185|55|00|1|824|27151211853366000120550010000008241229850008|18122015|18122015|2596,50|2|0,00|0,00|2596,50|0|0,00|0,00|0,00|0,00|0,00|0,00|0,00|0,00|0,00|0,00|0,00|0,00|
|C170|1|8410179100302||3,0000|13|116,70|0,00|0|060|1403|6|0,00|0,00|0,00|0,00|0,00|0,00||||0,00|0,00|0,00||0,00|0,0000|0,000|0,0000|0,00||0,00|0,0000|0,000|0,0000|0,00|55|
|C170|2|160||3,0000|13|172,50|0,00|0|260|1403|6|0,00|0,00|0,00|0,00|0,00|0,00||||0,00|0,00|0,00||0,00|0,0000|0,000|0,0000|0,00||0,00|0,0000|0,000|0,0000|0,00|55|
|C170|3|87||2,0000|13|104,40|0,00|0|260|1403|6|0,00|0,00|0,00|0,00|0,00|0,00||||0,00|0,00|0,00||0,00|0,0000|0,000|0,0000|0,00||0,00|0,0000|0,000|0,0000|0,00|55|
|C170|4|84||3,0000|13|112,20|0,00|0|260|1403|6|0,00|0,00|0,00|0,00|0,00|0,00||||0,00|0,00|0,00||0,00|0,0000|0,000|0,0000|0,00||0,00|0,0000|0,000|0,0000|0,00|55|
|C170|5|83||1,0000|13|37,40|0,00|0|260|1403|6|0,00|0,00|0,00|0,00|0,00|0,00||||0,00|0,00|0,00||0,00|0,0000|0,000|0,0000|0,00||0,00|0,0000|0,000|0,0000|0,00|55|
|C170|6|81||3,0000|13|112,20|0,00|0|260|1403|6|0,00|0,00|0,00|0,00|0,00|0,00||||0,00|0,00|0,00||0,00|0,0000|0,000|0,0000|0,00||0,00|0,0000|0,000|0,0000|0,00|55|
|C170|7|80||3,0000|13|112,20|0,00|0|260|1403|6|0,00|0,00|0,00|0,00|0,00|0,00||||0,00|0,00|0,00||0,00|0,0000|0,000|0,0000|0,00||0,00|0,0000|0,000|0,0000|0,00|55|
|C170|8|79||3,0000|13|112,20|0,00|0|260|1403|6|0,00|0,00|0,00|0,00|0,00|0,00||||0,00|0,00|0,00||0,00|0,0000|0,000|0,0000|0,00||0,00|0,0000|0,000|0,0000|0,00|55|
|C170|9|78||1,0000|13|52,20|0,00|0|260|1403|6|0,00|0,00|0,00|0,00|0,00|0,00||||0,00|0,00|0,00||0,00|0,0000|0,000|0,0000|0,00||0,00|0,0000|0,000|0,0000|0,00|55|
|C170|10|77||1,0000|13|52,20|0,00|0|260|1403|6|0,00|0,00|0,00|0,00|0,00|0,00||||0,00|0,00|0,00||0,00|0,0000|0,000|0,0000|0,00||0,00|0,0000|0,000|0,0000|0,00|55|
|C170|11|144||4,0000|13|149,60|0,00|0|260|1403|6|0,00|0,00|0,00|0,00|0,00|0,00||||0,00|0,00|0,00||0,00|0,0000|0,000|0,0000|0,00||0,00|0,0000|0,000|0,0000|0,00|55|
|C170|12|63||4,0000|13|149,60|0,00|0|260|1403|6|0,00|0,00|0,00|0,00|0,00|0,00||||0,00|0,00|0,00||0,00|0,0000|0,000|0,0000|0,00||0,00|0,0000|0,000|0,0000|0,00|55|
|C170|13|55||3,0000|13|84,60|0,00|0|260|1403|6|0,00|0,00|0,00|0,00|0,00|0,00||||0,00|0,00|0,00||0,00|0,0000|0,000|0,0000|0,00||0,00|0,0000|0,000|0,0000|0,00|55|
|C170|14|82||2,0000|13|56,40|0,00|0|260|1403|6|0,00|0,00|0,00|0,00|0,00|0,00||||0,00|0,00|0,00||0,00|0,0000|0,000|0,0000|0,00||0,00|0,0000|0,000|0,0000|0,00|55|
|C170|15|8410179100261||6,0000|13|483,00|0,00|0|260|1403|6|0,00|0,00|0,00|0,00|0,00|0,00||||0,00|0,00|0,00||0,00|0,0000|0,000|0,0000|0,00||0,00|0,0000|0,000|0,0000|0,00|55|
|C170|16|8410179100135||1,0000|13|59,80|0,00|0|260|1403|6|0,00|0,00|0,00|0,00|0,00|0,00||||0,00|0,00|0,00||0,00|0,0000|0,000|0,0000|0,00||0,00|0,0000|0,000|0,0000|0,00|55|
|C170|17|8410179100131||1,0000|13|42,80|0,00|0|260|1403|6|0,00|0,00|0,00|0,00|0,00|0,00||||0,00|0,00|0,00||0,00|0,0000|0,000|0,0000|0,00||0,00|0,0000|0,000|0,0000|0,00|55|
|C170|18|146||3,0000|13|80,40|0,00|0|260|1403|6|0,00|0,00|0,00|0,00|0,00|0,00||||0,00|0,00|0,00||0,00|0,0000|0,000|0,0000|0,00||0,00|0,0000|0,000|0,0000|0,00|55|
|C170|19|8410179100132||6,0000|13|256,80|0,00|0|260|1403|6|0,00|0,00|0,00|0,00|0,00|0,00||||0,00|0,00|0,00||0,00|0,0000|0,000|0,0000|0,00||0,00|0,0000|0,000|0,0000|0,00|55|
|C170|20|145||6,0000|13|132,60|0,00|0|260|1403|6|0,00|0,00|0,00|0,00|0,00|0,00||||0,00|0,00|0,00||0,00|0,0000|0,000|0,0000|0,00||0,00|0,0000|0,000|0,0000|0,00|55|
|C170|21|8410179100265||3,0000|13|116,70|0,00|0|060|1403|6|0,00|0,00|0,00|0,00|0,00|0,00||||0,00|0,00|0,00||0,00|0,0000|0,000|0,0000|0,00||0,00|0,0000|0,000|0,0000|0,00|55|
|C190|060|1403|0,00|233,40|0,00|0,00|0,00|0,00|0,00|0,00||
|C190|260|1403|0,00|2363,10|0,00|0,00|0,00|0,00|0,00|0,00||
|C100|0|1|FOR000000185|55|00|1|832|27151211853366000120550010000008321274448061|21122015|21122015|6986,00|2|0,00|0,00|6986,00|0|0,00|0,00|0,00|0,00|0,00|0,00|0,00|0,00|0,00|0,00|0,00|0,00|
|C170|1|8410179100265||6,0000|13|233,40|0,00|0|060|1403|6|0,00|0,00|0,00|0,00|0,00|0,00||||0,00|0,00|0,00||0,00|0,0000|0,000|0,0000|0,00||0,00|0,0000|0,000|0,0000|0,00|55|
|C170|2|8410179100302||12,0000|13|466,80|0,00|0|060|1403|6|0,00|0,00|0,00|0,00|0,00|0,00||||0,00|0,00|0,00||0,00|0,0000|0,000|0,0000|0,00||0,00|0,0000|0,000|0,0000|0,00|55|
|C170|3|160||6,0000|13|345,00|0,00|0|260|1403|6|0,00|0,00|0,00|0,00|0,00|0,00||||0,00|0,00|0,00||0,00|0,0000|0,000|0,0000|0,00||0,00|0,0000|0,000|0,0000|0,00|55|
|C170|4|8410179100127||6,0000|13|297,00|0,00|0|260|1403|6|0,00|0,00|0,00|0,00|0,00|0,00||||0,00|0,00|0,00||0,00|0,0000|0,000|0,0000|0,00||0,00|0,0000|0,000|0,0000|0,00|55|
|C170|5|8410179100163||3,0000|13|220,50|0,00|0|260|1403|6|0,00|0,00|0,00|0,00|0,00|0,00||||0,00|0,00|0,00||0,00|0,0000|0,000|0,0000|0,00||0,00|0,0000|0,000|0,0000|0,00|55|
|C170|6|8410179100126||6,0000|13|346,80|0,00|0|260|1403|6|0,00|0,00|0,00|0,00|0,00|0,00||||0,00|0,00|0,00||0,00|0,0000|0,000|0,0000|0,00||0,00|0,0000|0,000|0,0000|0,00|55|
|C170|7|8410179100142||3,0000|13|184,50|0,00|0|260|1403|6|0,00|0,00|0,00|0,00|0,00|0,00||||0,00|0,00|0,00||0,00|0,0000|0,000|0,0000|0,00||0,00|0,0000|0,000|0,0000|0,00|55|
|C170|8|86||3,0000|13|156,60|0,00|0|260|1403|6|0,00|0,00|0,00|0,00|0,00|0,00||||0,00|0,00|0,00||0,00|0,0000|0,000|0,0000|0,00||0,00|0,0000|0,000|0,0000|0,00|55|
|C170|9|85||3,0000|13|156,60|0,00|0|260|1403|6|0,00|0,00|0,00|0,00|0,00|0,00||||0,00|0,00|0,00||0,00|0,0000|0,000|0,0000|0,00||0,00|0,0000|0,000|0,0000|0,00|55|
|C170|10|84||6,0000|13|224,40|0,00|0|260|1403|6|0,00|0,00|0,00|0,00|0,00|0,00||||0,00|0,00|0,00||0,00|0,0000|0,000|0,0000|0,00||0,00|0,0000|0,000|0,0000|0,00|55|
|C170|11|83||6,0000|13|224,40|0,00|0|260|1403|6|0,00|0,00|0,00|0,00|0,00|0,00||||0,00|0,00|0,00||0,00|0,0000|0,000|0,0000|0,00||0,00|0,0000|0,000|0,0000|0,00|55|
|C170|12|81||4,0000|13|149,60|0,00|0|260|1403|6|0,00|0,00|0,00|0,00|0,00|0,00||||0,00|0,00|0,00||0,00|0,0000|0,000|0,0000|0,00||0,00|0,0000|0,000|0,0000|0,00|55|
|C170|13|80||4,0000|13|149,60|0,00|0|260|1403|6|0,00|0,00|0,00|0,00|0,00|0,00||||0,00|0,00|0,00||0,00|0,0000|0,000|0,0000|0,00||0,00|0,0000|0,000|0,0000|0,00|55|
|C170|14|79||4,0000|13|149,60|0,00|0|260|1403|6|0,00|0,00|0,00|0,00|0,00|0,00||||0,00|0,00|0,00||0,00|0,0000|0,000|0,0000|0,00||0,00|0,0000|0,000|0,0000|0,00|55|
|C170|15|78||3,0000|13|156,60|0,00|0|260|1403|6|0,00|0,00|0,00|0,00|0,00|0,00||||0,00|0,00|0,00||0,00|0,0000|0,000|0,0000|0,00||0,00|0,0000|0,000|0,0000|0,00|55|
|C170|16|77||3,0000|13|156,60|0,00|0|260|1403|6|0,00|0,00|0,00|0,00|0,00|0,00||||0,00|0,00|0,00||0,00|0,0000|0,000|0,0000|0,00||0,00|0,0000|0,000|0,0000|0,00|55|
|C170|17|69||6,0000|13|224,40|0,00|0|260|1403|6|0,00|0,00|0,00|0,00|0,00|0,00||||0,00|0,00|0,00||0,00|0,0000|0,000|0,0000|0,00||0,00|0,0000|0,000|0,0000|0,00|55|
|C170|18|144||4,0000|13|149,60|0,00|0|260|1403|6|0,00|0,00|0,00|0,00|0,00|0,00||||0,00|0,00|0,00||0,00|0,0000|0,000|0,0000|0,00||0,00|0,0000|0,000|0,0000|0,00|55|
|C170|19|63||4,0000|13|149,60|0,00|0|260|1403|6|0,00|0,00|0,00|0,00|0,00|0,00||||0,00|0,00|0,00||0,00|0,0000|0,000|0,0000|0,00||0,00|0,0000|0,000|0,0000|0,00|55|
|C170|20|60||6,0000|13|169,20|0,00|0|260|1403|6|0,00|0,00|0,00|0,00|0,00|0,00||||0,00|0,00|0,00||0,00|0,0000|0,000|0,0000|0,00||0,00|0,0000|0,000|0,0000|0,00|55|
|C170|21|55||6,0000|13|169,20|0,00|0|260|1403|6|0,00|0,00|0,00|0,00|0,00|0,00||||0,00|0,00|0,00||0,00|0,0000|0,000|0,0000|0,00||0,00|0,0000|0,000|0,0000|0,00|55|
|C170|22|82||6,0000|13|169,20|0,00|0|260|1403|6|0,00|0,00|0,00|0,00|0,00|0,00||||0,00|0,00|0,00||0,00|0,0000|0,000|0,0000|0,00||0,00|0,0000|0,000|0,0000|0,00|55|
|C170|23|8410179100310||3,0000|13|241,50|0,00|0|260|1403|6|0,00|0,00|0,00|0,00|0,00|0,00||||0,00|0,00|0,00||0,00|0,0000|0,000|0,0000|0,00||0,00|0,0000|0,000|0,0000|0,00|55|
|C170|24|8410179100311||3,0000|13|241,50|0,00|0|260|1403|6|0,00|0,00|0,00|0,00|0,00|0,00||||0,00|0,00|0,00||0,00|0,0000|0,000|0,0000|0,00||0,00|0,0000|0,000|0,0000|0,00|55|
|C170|25|8410179100135||6,0000|13|358,80|0,00|0|260|1403|6|0,00|0,00|0,00|0,00|0,00|0,00||||0,00|0,00|0,00||0,00|0,0000|0,000|0,0000|0,00||0,00|0,0000|0,000|0,0000|0,00|55|
|C170|26|8410179100130||7,0000|13|299,60|0,00|0|260|1403|6|0,00|0,00|0,00|0,00|0,00|0,00||||0,00|0,00|0,00||0,00|0,0000|0,000|0,0000|0,00||0,00|0,0000|0,000|0,0000|0,00|55|
|C170|27|146||12,0000|13|321,60|0,00|0|260|1403|6|0,00|0,00|0,00|0,00|0,00|0,00||||0,00|0,00|0,00||0,00|0,0000|0,000|0,0000|0,00||0,00|0,0000|0,000|0,0000|0,00|55|
|C170|28|8410179100132||1,0000|13|42,80|0,00|0|260|1403|6|0,00|0,00|0,00|0,00|0,00|0,00||||0,00|0,00|0,00||0,00|0,0000|0,000|0,0000|0,00||0,00|0,0000|0,000|0,0000|0,00|55|
|C170|29|145||12,0000|13|265,20|0,00|0|260|1403|6|0,00|0,00|0,00|0,00|0,00|0,00||||0,00|0,00|0,00||0,00|0,0000|0,000|0,0000|0,00||0,00|0,0000|0,000|0,0000|0,00|55|
|C170|30|8410179100133||6,0000|13|256,80|0,00|0|260|1403|6|0,00|0,00|0,00|0,00|0,00|0,00||||0,00|0,00|0,00||0,00|0,0000|0,000|0,0000|0,00||0,00|0,0000|0,000|0,0000|0,00|55|
|C170|31|197||6,0000|13|256,80|0,00|0|260|1403|6|0,00|0,00|0,00|0,00|0,00|0,00||||0,00|0,00|0,00||0,00|0,0000|0,000|0,0000|0,00||0,00|0,0000|0,000|0,0000|0,00|55|
|C170|32|87||1,0000|13|52,20|0,00|0|260|1403|6|0,00|0,00|0,00|0,00|0,00|0,00||||0,00|0,00|0,00||0,00|0,0000|0,000|0,0000|0,00||0,00|0,0000|0,000|0,0000|0,00|55|
|C190|060|1403|0,00|700,20|0,00|0,00|0,00|0,00|0,00|0,00||
|C190|260|1403|0,00|6285,80|0,00|0,00|0,00|0,00|0,00|0,00||
|C100|0|1|FOR000000185|55|00|1|834|27151211853366000120550010000008341609782809|21122015|21122015|8690,70|2|0,00|0,00|8690,70|0|0,00|0,00|0,00|0,00|0,00|0,00|0,00|0,00|0,00|0,00|0,00|0,00|
|C170|1|8410179100302||6,0000|13|233,40|0,00|0|060|1403|6|0,00|0,00|0,00|0,00|0,00|0,00||||0,00|0,00|0,00||0,00|0,0000|0,000|0,0000|0,00||0,00|0,0000|0,000|0,0000|0,00|55|
|C170|2|8410179100163||4,0000|13|294,00|0,00|0|260|1403|6|0,00|0,00|0,00|0,00|0,00|0,00||||0,00|0,00|0,00||0,00|0,0000|0,000|0,0000|0,00||0,00|0,0000|0,000|0,0000|0,00|55|
|C170|3|88||3,0000|13|209,70|0,00|0|260|1403|6|0,00|0,00|0,00|0,00|0,00|0,00||||0,00|0,00|0,00||0,00|0,0000|0,000|0,0000|0,00||0,00|0,0000|0,000|0,0000|0,00|55|
|C170|4|86||3,0000|13|156,60|0,00|0|260|1403|6|0,00|0,00|0,00|0,00|0,00|0,00||||0,00|0,00|0,00||0,00|0,0000|0,000|0,0000|0,00||0,00|0,0000|0,000|0,0000|0,00|55|
|C170|5|85||3,0000|13|156,60|0,00|0|260|1403|6|0,00|0,00|0,00|0,00|0,00|0,00||||0,00|0,00|0,00||0,00|0,0000|0,000|0,0000|0,00||0,00|0,0000|0,000|0,0000|0,00|55|
|C170|6|78||2,0000|13|104,40|0,00|0|260|1403|6|0,00|0,00|0,00|0,00|0,00|0,00||||0,00|0,00|0,00||0,00|0,0000|0,000|0,0000|0,00||0,00|0,0000|0,000|0,0000|0,00|55|
|C170|7|77||6,0000|13|313,20|0,00|0|260|1403|6|0,00|0,00|0,00|0,00|0,00|0,00||||0,00|0,00|0,00||0,00|0,0000|0,000|0,0000|0,00||0,00|0,0000|0,000|0,0000|0,00|55|
|C170|8|69||6,0000|13|224,40|0,00|0|260|1403|6|0,00|0,00|0,00|0,00|0,00|0,00||||0,00|0,00|0,00||0,00|0,0000|0,000|0,0000|0,00||0,00|0,0000|0,000|0,0000|0,00|55|
|C170|9|144||6,0000|13|224,40|0,00|0|260|1403|6|0,00|0,00|0,00|0,00|0,00|0,00||||0,00|0,00|0,00||0,00|0,0000|0,000|0,0000|0,00||0,00|0,0000|0,000|0,0000|0,00|55|
|C170|10|60||6,0000|13|169,20|0,00|0|260|1403|6|0,00|0,00|0,00|0,00|0,00|0,00||||0,00|0,00|0,00||0,00|0,0000|0,000|0,0000|0,00||0,00|0,0000|0,000|0,0000|0,00|55|
|C170|11|55||6,0000|13|169,20|0,00|0|260|1403|6|0,00|0,00|0,00|0,00|0,00|0,00||||0,00|0,00|0,00||0,00|0,0000|0,000|0,0000|0,00||0,00|0,0000|0,000|0,0000|0,00|55|
|C170|12|82||6,0000|13|169,20|0,00|0|260|1403|6|0,00|0,00|0,00|0,00|0,00|0,00||||0,00|0,00|0,00||0,00|0,0000|0,000|0,0000|0,00||0,00|0,0000|0,000|0,0000|0,00|55|
|C170|13|127||3,0000|13|251,10|0,00|0|260|1403|6|0,00|0,00|0,00|0,00|0,00|0,00||||0,00|0,00|0,00||0,00|0,0000|0,000|0,0000|0,00||0,00|0,0000|0,000|0,0000|0,00|55|
|C170|14|137||3,0000|13|237,90|0,00|0|260|1403|6|0,00|0,00|0,00|0,00|0,00|0,00||||0,00|0,00|0,00||0,00|0,0000|0,000|0,0000|0,00||0,00|0,0000|0,000|0,0000|0,00|55|
|C170|15|033||6,0000|13|459,00|0,00|0|260|1403|6|0,00|0,00|0,00|0,00|0,00|0,00||||0,00|0,00|0,00||0,00|0,0000|0,000|0,0000|0,00||0,00|0,0000|0,000|0,0000|0,00|55|
|C170|16|140||6,0000|13|345,60|0,00|0|260|1403|6|0,00|0,00|0,00|0,00|0,00|0,00||||0,00|0,00|0,00||0,00|0,0000|0,000|0,0000|0,00||0,00|0,0000|0,000|0,0000|0,00|55|
|C170|17|141||4,0000|13|334,80|0,00|0|260|1403|6|0,00|0,00|0,00|0,00|0,00|0,00||||0,00|0,00|0,00||0,00|0,0000|0,000|0,0000|0,00||0,00|0,0000|0,000|0,0000|0,00|55|
|C170|18|8410179100310||6,0000|13|483,00|0,00|0|260|1403|6|0,00|0,00|0,00|0,00|0,00|0,00||||0,00|0,00|0,00||0,00|0,0000|0,000|0,0000|0,00||0,00|0,0000|0,000|0,0000|0,00|55|
|C170|19|8410179100311||6,0000|13|483,00|0,00|0|260|1403|6|0,00|0,00|0,00|0,00|0,00|0,00||||0,00|0,00|0,00||0,00|0,0000|0,000|0,0000|0,00||0,00|0,0000|0,000|0,0000|0,00|55|
|C170|20|8410179100139||3,0000|13|417,60|0,00|0|260|1403|6|0,00|0,00|0,00|0,00|0,00|0,00||||0,00|0,00|0,00||0,00|0,0000|0,000|0,0000|0,00||0,00|0,0000|0,000|0,0000|0,00|55|
|C170|21|134||3,0000|13|247,50|0,00|0|260|1403|6|0,00|0,00|0,00|0,00|0,00|0,00||||0,00|0,00|0,00||0,00|0,0000|0,000|0,0000|0,00||0,00|0,0000|0,000|0,0000|0,00|55|
|C170|22|8410179100137||3,0000|13|247,50|0,00|0|260|1403|6|0,00|0,00|0,00|0,00|0,00|0,00||||0,00|0,00|0,00||0,00|0,0000|0,000|0,0000|0,00||0,00|0,0000|0,000|0,0000|0,00|55|
|C170|23|8410179100136||6,0000|13|358,80|0,00|0|260|1403|6|0,00|0,00|0,00|0,00|0,00|0,00||||0,00|0,00|0,00||0,00|0,0000|0,000|0,0000|0,00||0,00|0,0000|0,000|0,0000|0,00|55|
|C170|24|8410179100135||6,0000|13|358,80|0,00|0|260|1403|6|0,00|0,00|0,00|0,00|0,00|0,00||||0,00|0,00|0,00||0,00|0,0000|0,000|0,0000|0,00||0,00|0,0000|0,000|0,0000|0,00|55|
|C170|25|8410179100279||6,0000|13|267,60|0,00|0|260|1403|6|0,00|0,00|0,00|0,00|0,00|0,00||||0,00|0,00|0,00||0,00|0,0000|0,000|0,0000|0,00||0,00|0,0000|0,000|0,0000|0,00|55|
|C170|26|8410179100130||6,0000|13|256,80|0,00|0|260|1403|6|0,00|0,00|0,00|0,00|0,00|0,00||||0,00|0,00|0,00||0,00|0,0000|0,000|0,0000|0,00||0,00|0,0000|0,000|0,0000|0,00|55|
|C170|27|8410179100131||6,0000|13|256,80|0,00|0|260|1403|6|0,00|0,00|0,00|0,00|0,00|0,00||||0,00|0,00|0,00||0,00|0,0000|0,000|0,0000|0,00||0,00|0,0000|0,000|0,0000|0,00|55|
|C170|28|8410179100132||6,0000|13|256,80|0,00|0|260|1403|6|0,00|0,00|0,00|0,00|0,00|0,00||||0,00|0,00|0,00||0,00|0,0000|0,000|0,0000|0,00||0,00|0,0000|0,000|0,0000|0,00|55|
|C170|29|8410179100312||12,0000|13|513,60|0,00|0|260|1403|6|0,00|0,00|0,00|0,00|0,00|0,00||||0,00|0,00|0,00||0,00|0,0000|0,000|0,0000|0,00||0,00|0,0000|0,000|0,0000|0,00|55|
|C170|30|8410179100133||6,0000|13|256,80|0,00|0|260|1403|6|0,00|0,00|0,00|0,00|0,00|0,00||||0,00|0,00|0,00||0,00|0,0000|0,000|0,0000|0,00||0,00|0,0000|0,000|0,0000|0,00|55|
|C170|31|8410179100265||6,0000|13|233,40|0,00|0|060|1403|6|0,00|0,00|0,00|0,00|0,00|0,00||||0,00|0,00|0,00||0,00|0,0000|0,000|0,0000|0,00||0,00|0,0000|0,000|0,0000|0,00|55|
|C190|060|1403|0,00|466,80|0,00|0,00|0,00|0,00|0,00|0,00||
|C190|260|1403|0,00|8223,90|0,00|0,00|0,00|0,00|0,00|0,00||
|C100|0|1|FOR000000185|55|00|1|835|27151211853366000120550010000008351220090845|21122015|21122015|2251,60|2|0,00|0,00|2251,60|0|0,00|0,00|0,00|0,00|0,00|0,00|0,00|0,00|0,00|0,00|0,00|0,00|
|C170|1|83||1,0000|13|37,40|0,00|0|260|1403|6|0,00|0,00|0,00|0,00|0,00|0,00||||0,00|0,00|0,00||0,00|0,0000|0,000|0,0000|0,00||0,00|0,0000|0,000|0,0000|0,00|55|
|C170|2|81||2,0000|13|74,80|0,00|0|260|1403|6|0,00|0,00|0,00|0,00|0,00|0,00||||0,00|0,00|0,00||0,00|0,0000|0,000|0,0000|0,00||0,00|0,0000|0,000|0,0000|0,00|55|
|C170|3|79||5,0000|13|187,00|0,00|0|260|1403|6|0,00|0,00|0,00|0,00|0,00|0,00||||0,00|0,00|0,00||0,00|0,0000|0,000|0,0000|0,00||0,00|0,0000|0,000|0,0000|0,00|55|
|C170|4|60||5,0000|13|141,00|0,00|0|260|1403|6|0,00|0,00|0,00|0,00|0,00|0,00||||0,00|0,00|0,00||0,00|0,0000|0,000|0,0000|0,00||0,00|0,0000|0,000|0,0000|0,00|55|
|C170|5|134||3,0000|13|247,50|0,00|0|260|1403|6|0,00|0,00|0,00|0,00|0,00|0,00||||0,00|0,00|0,00||0,00|0,0000|0,000|0,0000|0,00||0,00|0,0000|0,000|0,0000|0,00|55|
|C170|6|8410179100137||3,0000|13|247,50|0,00|0|260|1403|6|0,00|0,00|0,00|0,00|0,00|0,00||||0,00|0,00|0,00||0,00|0,0000|0,000|0,0000|0,00||0,00|0,0000|0,000|0,0000|0,00|55|
|C170|7|8410179100130||6,0000|13|256,80|0,00|0|260|1403|6|0,00|0,00|0,00|0,00|0,00|0,00||||0,00|0,00|0,00||0,00|0,0000|0,000|0,0000|0,00||0,00|0,0000|0,000|0,0000|0,00|55|
|C170|8|8410179100131||6,0000|13|256,80|0,00|0|260|1403|6|0,00|0,00|0,00|0,00|0,00|0,00||||0,00|0,00|0,00||0,00|0,0000|0,000|0,0000|0,00||0,00|0,0000|0,000|0,0000|0,00|55|
|C170|9|146||12,0000|13|321,60|0,00|0|260|1403|6|0,00|0,00|0,00|0,00|0,00|0,00||||0,00|0,00|0,00||0,00|0,0000|0,000|0,0000|0,00||0,00|0,0000|0,000|0,0000|0,00|55|
|C170|10|8410179100132||6,0000|13|256,80|0,00|0|260|1403|6|0,00|0,00|0,00|0,00|0,00|0,00||||0,00|0,00|0,00||0,00|0,0000|0,000|0,0000|0,00||0,00|0,0000|0,000|0,0000|0,00|55|
|C170|11|69||6,0000|13|224,40|0,00|0|260|1403|6|0,00|0,00|0,00|0,00|0,00|0,00||||0,00|0,00|0,00||0,00|0,0000|0,000|0,0000|0,00||0,00|0,0000|0,000|0,0000|0,00|55|
|C190|260|1403|0,00|2251,60|0,00|0,00|0,00|0,00|0,00|0,00||
|C100|0|1|FOR000000185|55|00|1|836|27151211853366000120550010000008361609013516|22122015|22122015|4359,00|2|0,00|0,00|4359,00|0|0,00|0,00|0,00|0,00|0,00|0,00|0,00|0,00|0,00|0,00|0,00|0,00|
|C170|1|8410179100265||12,0000|13|466,80|0,00|0|060|1403|6|0,00|0,00|0,00|0,00|0,00|0,00||||0,00|0,00|0,00||0,00|0,0000|0,000|0,0000|0,00||0,00|0,0000|0,000|0,0000|0,00|55|
|C170|2|8410179100302||12,0000|13|466,80|0,00|0|060|1403|6|0,00|0,00|0,00|0,00|0,00|0,00||||0,00|0,00|0,00||0,00|0,0000|0,000|0,0000|0,00||0,00|0,0000|0,000|0,0000|0,00|55|
|C170|3|159||12,0000|13|408,00|0,00|0|260|1403|6|0,00|0,00|0,00|0,00|0,00|0,00||||0,00|0,00|0,00||0,00|0,0000|0,000|0,0000|0,00||0,00|0,0000|0,000|0,0000|0,00|55|
|C170|4|157||12,0000|13|484,80|0,00|0|260|1403|6|0,00|0,00|0,00|0,00|0,00|0,00||||0,00|0,00|0,00||0,00|0,0000|0,000|0,0000|0,00||0,00|0,0000|0,000|0,0000|0,00|55|
|C170|5|8410179100163||6,0000|13|441,00|0,00|0|260|1403|6|0,00|0,00|0,00|0,00|0,00|0,00||||0,00|0,00|0,00||0,00|0,0000|0,000|0,0000|0,00||0,00|0,0000|0,000|0,0000|0,00|55|
|C170|6|8410179100310||6,0000|13|483,00|0,00|0|260|1403|6|0,00|0,00|0,00|0,00|0,00|0,00||||0,00|0,00|0,00||0,00|0,0000|0,000|0,0000|0,00||0,00|0,0000|0,000|0,0000|0,00|55|
|C170|7|8410179100311||6,0000|13|483,00|0,00|0|260|1403|6|0,00|0,00|0,00|0,00|0,00|0,00||||0,00|0,00|0,00||0,00|0,0000|0,000|0,0000|0,00||0,00|0,0000|0,000|0,0000|0,00|55|
|C170|8|8410179100279||12,0000|13|535,20|0,00|0|260|1403|6|0,00|0,00|0,00|0,00|0,00|0,00||||0,00|0,00|0,00||0,00|0,0000|0,000|0,0000|0,00||0,00|0,0000|0,000|0,0000|0,00|55|
|C170|9|8410179100313||12,0000|13|590,40|0,00|0|260|1403|6|0,00|0,00|0,00|0,00|0,00|0,00||||0,00|0,00|0,00||0,00|0,0000|0,000|0,0000|0,00||0,00|0,0000|0,000|0,0000|0,00|55|
|C190|060|1403|0,00|933,60|0,00|0,00|0,00|0,00|0,00|0,00||
|C190|260|1403|0,00|3425,40|0,00|0,00|0,00|0,00|0,00|0,00||
|C100|0|1|FOR000000192|55|00|3|4357|27151217967374000183550030000043571000043570|04122015|04122015|371,20|2|0,00|0,00|371,20|0|0,00|0,00|0,00|27,00|4,59|0,00|0,00|0,00|0,00|0,00|0,00|0,00|
|C170|1|28867||1,0000|28|92,00|0,00|0|060|1556|1|0,00|0,00|0,00|0,00|0,00|0,00||||0,00|0,00|0,00||0,00|0,0000|0,000|0,0000|0,00||0,00|0,0000|0,000|0,0000|0,00|55|
|C170|2|25897||1,0000|27|18,00|0,00|0|000|1102|1|18,00|17,00|3,06|0,00|0,00|0,00||||0,00|0,00|0,00||0,00|0,0000|0,000|0,0000|0,00||0,00|0,0000|0,000|0,0000|0,00|55|
|C173||0|01011900|01011900|0|0|0,00|
|C170|3|194||1,0000|27|70,00|0,00|0|060|1556|1|0,00|0,00|0,00|0,00|0,00|0,00||||0,00|0,00|0,00||0,00|0,0000|0,000|0,0000|0,00||0,00|0,0000|0,000|0,0000|0,00|55|
|C170|4|28769||100,0000|1|9,00|0,00|0|000|1102|1|9,00|17,00|1,53|0,00|0,00|0,00||||0,00|0,00|0,00||0,00|0,0000|0,000|0,0000|0,00||0,00|0,0000|0,000|0,0000|0,00|55|
|C170|5|193||24,0000|9|127,20|0,00|0|060|1556|1|0,00|0,00|0,00|0,00|0,00|0,00||||0,00|0,00|0,00||0,00|0,0000|0,000|0,0000|0,00||0,00|0,0000|0,000|0,0000|0,00|55|
|C170|6|8410179100304||1,0000|28|55,00|0,00|0|060|1556|1|0,00|0,00|0,00|0,00|0,00|0,00||||0,00|0,00|0,00||0,00|0,0000|0,000|0,0000|0,00||0,00|0,0000|0,000|0,0000|0,00|55|
|C190|000|1102|17,00|27,00|27,00|4,59|0,00|0,00|0,00|0,00||
|C190|060|1556|0,00|344,20|0,00|0,00|0,00|0,00|0,00|0,00||
|C100|0|1|FOR000000192|55|00|3|4565|27151217967374000183550030000045651000045657|14122015|14122015|310,53|2|0,00|0,00|310,53|0|0,00|0,00|0,00|9,00|1,53|0,00|0,00|0,00|0,00|0,00|0,00|0,00|
|C170|1|28867||1,0000|28|92,00|0,00|0|060|1556|1|0,00|0,00|0,00|0,00|0,00|0,00||||0,00|0,00|0,00||0,00|0,0000|0,000|0,0000|0,00||0,00|0,0000|0,000|0,0000|0,00|55|
|C170|2|8410179100255||6,0000|32|57,00|0,00|0|060|1556|1|0,00|0,00|0,00|0,00|0,00|0,00||||0,00|0,00|0,00||0,00|0,0000|0,000|0,0000|0,00||0,00|0,0000|0,000|0,0000|0,00|55|
|C170|3|28769||100,0000|1|9,00|0,00|0|000|1102|1|9,00|17,00|1,53|0,00|0,00|0,00||||0,00|0,00|0,00||0,00|0,0000|0,000|0,0000|0,00||0,00|0,0000|0,000|0,0000|0,00|55|
|C170|4|193||12,0000|9|63,60|0,00|0|060|1556|1|0,00|0,00|0,00|0,00|0,00|0,00||||0,00|0,00|0,00||0,00|0,0000|0,000|0,0000|0,00||0,00|0,0000|0,000|0,0000|0,00|55|
|C170|5|8410179100234||1,0000|27|88,93|0,00|0|060|1556|1|0,00|0,00|0,00|0,00|0,00|0,00||||0,00|0,00|0,00||0,00|0,0000|0,000|0,0000|0,00||0,00|0,0000|0,000|0,0000|0,00|55|
|C190|000|1102|17,00|9,00|9,00|1,53|0,00|0,00|0,00|0,00||
|C190|060|1556|0,00|301,53|0,00|0,00|0,00|0,00|0,00|0,00||
|C100|0|1|FOR000000192|55|00|3|4851|27151217967374000183550030000048511000048517|23122015|23122015|349,13|2|0,00|0,00|349,13|0|0,00|0,00|0,00|18,00|3,06|0,00|0,00|0,00|0,00|0,00|0,00|0,00|
|C170|1|25897||1,0000|27|18,00|0,00|0|000|1102|1|18,00|17,00|3,06|0,00|0,00|0,00||||0,00|0,00|0,00||0,00|0,0000|0,000|0,0000|0,00||0,00|0,0000|0,000|0,0000|0,00|55|
|C173||0|01011900|01011900|0|0|0,00|
|C170|2|29687||1,0000|27|115,00|0,00|0|060|1556|1|0,00|0,00|0,00|0,00|0,00|0,00||||0,00|0,00|0,00||0,00|0,0000|0,000|0,0000|0,00||0,00|0,0000|0,000|0,0000|0,00|55|
|C170|3|193||24,0000|9|127,20|0,00|0|060|1556|1|0,00|0,00|0,00|0,00|0,00|0,00||||0,00|0,00|0,00||0,00|0,0000|0,000|0,0000|0,00||0,00|0,0000|0,000|0,0000|0,00|55|
|C170|4|8410179100234||1,0000|27|88,93|0,00|0|060|1556|1|0,00|0,00|0,00|0,00|0,00|0,00||||0,00|0,00|0,00||0,00|0,0000|0,000|0,0000|0,00||0,00|0,0000|0,000|0,0000|0,00|55|
|C190|000|1102|17,00|18,00|18,00|3,06|0,00|0,00|0,00|0,00||
|C190|060|1556|0,00|331,13|0,00|0,00|0,00|0,00|0,00|0,00||
|C100|0|1|FOR000000193|55|00|2|50826|27151208748876000122550020000508261009360228|30122015|30122015|959,85|2|0,00|0,00|959,85|9|0,00|0,00|0,00|922,85|156,88|0,00|0,00|0,00|0,00|0,00|0,00|0,00|
|C170|1|8283||2,0000|1|236,00|0,00|0|260|1403|6|0,00|0,00|0,00|0,00|0,00|0,00||||0,00|0,00|0,00||0,00|0,0000|0,000|0,0000|0,00||0,00|0,0000|0,000|0,0000|0,00|55|
|C170|2|8242||1,0000|1|78,50|0,00|0|260|1403|6|0,00|0,00|0,00|0,00|0,00|0,00||||0,00|0,00|0,00||0,00|0,0000|0,000|0,0000|0,00||0,00|0,0000|0,000|0,0000|0,00|55|
|C170|3|8229||1,0000|1|137,80|0,00|0|260|1403|6|0,00|0,00|0,00|0,00|0,00|0,00||||0,00|0,00|0,00||0,00|0,0000|0,000|0,0000|0,00||0,00|0,0000|0,000|0,0000|0,00|55|
|C170|4|10353||3,0000|1|89,40|0,00|0|060|1403|6|0,00|0,00|0,00|0,00|0,00|0,00||||0,00|0,00|0,00||0,00|0,0000|0,000|0,0000|0,00||0,00|0,0000|0,000|0,0000|0,00|55|
|C170|5|12989||1,0000|1|55,75|0,00|0|060|1403|6|0,00|0,00|0,00|0,00|0,00|0,00||||0,00|0,00|0,00||0,00|0,0000|0,000|0,0000|0,00||0,00|0,0000|0,000|0,0000|0,00|55|
|C170|6|9959||4,0000|1|248,40|0,00|0|260|1403|6|0,00|0,00|0,00|0,00|0,00|0,00||||0,00|0,00|0,00||0,00|0,0000|0,000|0,0000|0,00||0,00|0,0000|0,000|0,0000|0,00|55|
|C170|7|11780||4,0000|1|37,00|0,00|0|000|1403|6|37,00|17,00|6,29|0,00|0,00|0,00||||0,00|0,00|0,00||0,00|0,0000|0,000|0,0000|0,00||0,00|0,0000|0,000|0,0000|0,00|55|
|C170|8|9695||1,0000|1|18,90|0,00|0|060|1403|6|0,00|0,00|0,00|0,00|0,00|0,00||||0,00|0,00|0,00||0,00|0,0000|0,000|0,0000|0,00||0,00|0,0000|0,000|0,0000|0,00|55|
|C170|9|8321||1,0000|1|58,10|0,00|0|260|1403|6|0,00|0,00|0,00|0,00|0,00|0,00||||0,00|0,00|0,00||0,00|0,0000|0,000|0,0000|0,00||0,00|0,0000|0,000|0,0000|0,00|55|
|C190|000|1403|17,00|37,00|37,00|6,29|0,00|0,00|0,00|0,00||
|C190|060|1403|0,00|164,05|0,00|0,00|0,00|0,00|0,00|0,00||
|C190|260|1403|0,00|758,80|0,00|0,00|0,00|0,00|0,00|0,00||
|C195|10||
|C100|0|1|FOR000000194|55|00|1|1542|27151222239629000121550010000015421000015425|09122015|09122015|160,00|2|0,00|0,00|160,00|0|0,00|0,00|0,00|160,00|27,20|0,00|0,00|0,00|0,00|0,00|0,00|0,00|
|C170|1|8410179100262||10,0000|22|160,00|0,00|0|200|1102|1|160,00|17,00|27,20|0,00|0,00|0,00||||0,00|0,00|0,00||0,00|0,0000|0,000|0,0000|0,00||0,00|0,0000|0,000|0,0000|0,00|55|
|C190|200|1102|17,00|160,00|160,00|27,20|0,00|0,00|0,00|0,00||
|C100|0|1|FOR000000194|55|00|1|1632|27151222239629000121550010000016321000016323|16122015|16122015|165,00|2|0,00|0,00|165,00|0|0,00|0,00|0,00|165,00|28,05|0,00|0,00|0,00|0,00|0,00|0,00|0,00|
|C170|1|8410179100262||10,0000|22|165,00|0,00|0|200|1102|1|165,00|17,00|28,05|0,00|0,00|0,00||||0,00|0,00|0,00||0,00|0,0000|0,000|0,0000|0,00||0,00|0,0000|0,000|0,0000|0,00|55|
|C190|200|1102|17,00|165,00|165,00|28,05|0,00|0,00|0,00|0,00||
|C100|0|1|FOR000000194|55|00|1|1679|27151222239629000121550010000016791000016796|21122015|21122015|165,00|2|0,00|0,00|165,00|0|0,00|0,00|0,00|165,00|28,05|0,00|0,00|0,00|0,00|0,00|0,00|0,00|
|C170|1|8410179100262||10,0000|22|165,00|0,00|0|200|1102|1|165,00|17,00|28,05|0,00|0,00|0,00||||0,00|0,00|0,00||0,00|0,0000|0,000|0,0000|0,00||0,00|0,0000|0,000|0,0000|0,00|55|
|C190|200|1102|17,00|165,00|165,00|28,05|0,00|0,00|0,00|0,00||
|C100|0|1|FOR000000194|55|00|1|1747|27151222239629000121550010000017471000017476|23122015|23122015|504,70|2|0,00|0,00|504,70|9|0,00|0,00|0,00|504,70|85,80|0,00|0,00|0,00|0,00|0,00|0,00|0,00|
|C170|1|8410179100316||10,3000|22|504,70|0,00|0|000|1102|1|504,70|17,00|85,80|0,00|0,00|0,00||||0,00|0,00|0,00||0,00|0,0000|0,000|0,0000|0,00||0,00|0,0000|0,000|0,0000|0,00|55|
|C190|000|1102|17,00|504,70|504,70|85,80|0,00|0,00|0,00|0,00||
|C100|0|1|FOR000000195|55|00|1|2929|26151222149803000307550010000029291007111741|15122015|15122015|1376,16|2|0,00|0,00|1376,16|0|0,00|0,00|0,00|0,00|0,00|0,00|0,00|0,00|0,00|0,00|0,00|0,00|
|C170|1|06070028||6,0000|2|267,36|0,00|0|000|2102|6|0,00|0,00|0,00|0,00|0,00|0,00||||0,00|0,00|0,00||0,00|0,0000|0,000|0,0000|0,00||0,00|0,0000|0,000|0,0000|0,00|55|
|C170|2|06020073||6,0000|2|142,08|0,00|0|000|2102|6|0,00|0,00|0,00|0,00|0,00|0,00||||0,00|0,00|0,00||0,00|0,0000|0,000|0,0000|0,00||0,00|0,0000|0,000|0,0000|0,00|55|
|C170|3|06070040||6,0000|2|168,00|0,00|0|000|2102|6|0,00|0,00|0,00|0,00|0,00|0,00||||0,00|0,00|0,00||0,00|0,0000|0,000|0,0000|0,00||0,00|0,0000|0,000|0,0000|0,00|55|
|C170|4|06070033||6,0000|2|168,00|0,00|0|000|2102|6|0,00|0,00|0,00|0,00|0,00|0,00||||0,00|0,00|0,00||0,00|0,0000|0,000|0,0000|0,00||0,00|0,0000|0,000|0,0000|0,00|55|
|C170|5|06070007||6,0000|2|111,84|0,00|0|000|2102|6|0,00|0,00|0,00|0,00|0,00|0,00||||0,00|0,00|0,00||0,00|0,0000|0,000|0,0000|0,00||0,00|0,0000|0,000|0,0000|0,00|55|
|C170|6|06070005||6,0000|2|111,84|0,00|0|000|2102|6|0,00|0,00|0,00|0,00|0,00|0,00||||0,00|0,00|0,00||0,00|0,0000|0,000|0,0000|0,00||0,00|0,0000|0,000|0,0000|0,00|55|
|C170|7|06070004||6,0000|2|111,84|0,00|0|000|2102|6|0,00|0,00|0,00|0,00|0,00|0,00||||0,00|0,00|0,00||0,00|0,0000|0,000|0,0000|0,00||0,00|0,0000|0,000|0,0000|0,00|55|
|C170|8|06070053||6,0000|2|295,20|0,00|0|000|2102|6|0,00|0,00|0,00|0,00|0,00|0,00||||0,00|0,00|0,00||0,00|0,0000|0,000|0,0000|0,00||0,00|0,0000|0,000|0,0000|0,00|55|
|C190|000|2102|0,00|1376,16|0,00|0,00|0,00|0,00|0,00|0,00||
|C100|0|1|FOR000000198|55|00|32|133204|27151256228356011338550320001332041374155959|10122015|10122015|2421,20|2|0,00|0,00|2421,20|0|0,00|0,00|0,00|0,00|0,00|0,00|0,00|0,00|0,00|0,00|0,00|0,00|
|C170|1|0118728||1,0000|53|2421,20|0,00|0|000|1908|20|0,00|0,00|0,00|0,00|0,00|0,00||||0,00|0,00|0,00||0,00|0,0000|0,000|0,0000|0,00||0,00|0,0000|0,000|0,0000|0,00||
|C190|000|1908|0,00|2421,20|0,00|0,00|0,00|0,00|0,00|0,00||
|C100|1|0|CLI000000171|55|08|1|549|27151208760491000180550010000005491600000066|02122015|02122015|388,30|2|0,00|0,00|388,30|9|0,00|0,00|0,00|388,30|46,60|0,00|0,00|0,00|0,00|0,00|0,00|0,00|
|C110|3||
|C190|090|6102|0,00|388,30|0,00|0,00|0,00|0,00|0,00|0,00||
|C100|1|0|CLI000000208|55|08|1|555|27151208760491000180550010000005551960404700|11122015|11122015|500,00|2|0,00|0,00|500,00|9|0,00|0,00|0,00|500,00|85,00|0,00|0,00|0,00|0,00|0,00|0,00|0,00|
|C110|4||
|C190|090|5102|0,00|500,00|0,00|0,00|0,00|0,00|0,00|0,00||
|C100|1|0|CLI000000235|55|08|1|552|27151208760491000180550010000005521970000309|10122015|10122015|200,00|2|0,00|0,00|200,00|9|0,00|0,00|0,00|200,00|34,00|0,00|0,00|0,00|0,00|0,00|0,00|0,00|
|C110|4||
|C190|090|5102|0,00|200,00|0,00|0,00|0,00|0,00|0,00|0,00||
|C100|1|0|CLI000000351|55|08|1|548|27151208760491000180550010000005481400005903|01122015|01122015|1757,58|2|0,00|0,00|1757,58|9|0,00|0,00|0,00|1757,58|123,03|0,00|0,00|0,00|0,00|0,00|0,00|0,00|
|C110|4||
|C190|090|6102|0,00|1757,58|0,00|0,00|0,00|0,00|0,00|0,00||
|C100|1|0|CLI000000352|55|08|1|547|27151208760491000180550010000005471030050830|01122015|01122015|2177,12|2|0,00|0,00|2177,12|9|0,00|0,00|0,00|2177,12|261,25|0,00|0,00|0,00|0,00|0,00|0,00|0,00|
|C110|4||
|C190|090|6102|0,00|2177,12|0,00|0,00|0,00|0,00|0,00|0,00||
|C100|1|0|CLI000000353|55|08|1|551|27151208760491000180550010000005511023020370|04122015|04122015|422,18|2|0,00|0,00|422,18|9|0,00|0,00|0,00|422,18|50,66|0,00|0,00|0,00|0,00|0,00|0,00|0,00|
|C110|4||
|C190|090|6102|0,00|422,18|0,00|0,00|0,00|0,00|0,00|0,00||
|C100|1|0|CLI000000354|55|08|1|550|27151208760491000180550010000005501879420207|04122015|04122015|1000,00|2|0,00|0,00|1000,00|9|0,00|0,00|0,00|1000,00|170,00|0,00|0,00|0,00|0,00|0,00|0,00|0,00|
|C110|4||
|C190|090|5102|0,00|1000,00|0,00|0,00|0,00|0,00|0,00|0,00||
|C100|1|0|CLI000000355|55|00|1|553|27151208760491000180550010000005531080070009|10122015|10122015|725,56|2|0,00|0,00|725,56|9|0,00|0,00|0,00|643,56|77,23|0,00|0,00|0,00|0,00|0,00|0,00|0,00|
|C110|4||
|C190|090|6102|0,00|643,56|0,00|0,00|0,00|0,00|0,00|0,00||
|C190|090|6925|0,00|82,00|0,00|0,00|0,00|0,00|0,00|0,00||
|C100|1|0|CLI000000356|55|08|1|557|27151208760491000180550010000005571011033301|11122015|11122015|944,68|2|0,00|0,00|944,68|9|0,00|0,00|0,00|944,68|160,60|0,00|0,00|0,00|0,00|0,00|0,00|0,00|
|C110|4||
|C190|090|5102|0,00|944,68|0,00|0,00|0,00|0,00|0,00|0,00||
|C100|1|0|CLI000000357|55|08|1|556|27151208760491000180550010000005561000965103|11122015|11122015|101,00|2|0,00|0,00|101,00|9|0,00|0,00|0,00|101,00|12,12|0,00|0,00|0,00|0,00|0,00|0,00|0,00|
|C110|4||
|C190|090|6102|0,00|101,00|0,00|0,00|0,00|0,00|0,00|0,00||
|C100|1|0|CLI000000358|55|08|1|554|27151208760491000180550010000005541000801009|11122015|11122015|487,08|2|0,00|0,00|487,08|9|0,00|0,00|0,00|487,08|34,10|0,00|0,00|0,00|0,00|0,00|0,00|0,00|
|C110|5||
|C190|090|6102|0,00|487,08|0,00|0,00|0,00|0,00|0,00|0,00||
|C100|1|0|CLI000000359|55|08|1|562|27151208760491000180550010000005621700008052|14122015|14122015|733,00|2|0,00|0,00|733,00|9|0,00|0,00|0,00|733,00|124,61|0,00|0,00|0,00|0,00|0,00|0,00|0,00|
|C110|4||
|C190|090|5102|0,00|733,00|0,00|0,00|0,00|0,00|0,00|0,00||
|C100|1|0|CLI000000360|55|08|1|561|27151208760491000180550010000005611029400333|14122015|14122015|441,00|2|0,00|0,00|441,00|9|0,00|0,00|0,00|441,00|30,87|0,00|0,00|0,00|0,00|0,00|0,00|0,00|
|C110|4||
|C190|090|6102|0,00|441,00|0,00|0,00|0,00|0,00|0,00|0,00||
|C100|1|0|CLI000000361|55|08|1|560|27151208760491000180550010000005601501003803|12122015|12122015|101,20|2|0,00|0,00|101,20|9|0,00|0,00|0,00|101,20|12,14|0,00|0,00|0,00|0,00|0,00|0,00|0,00|
|C110|4||
|C190|090|6102|0,00|101,20|0,00|0,00|0,00|0,00|0,00|0,00||
|C100|1|0|CLI000000362|55|08|1|558|27151208760491000180550010000005581750095053|12122015|12122015|60,00|2|0,00|0,00|60,00|9|0,00|0,00|0,00|60,00|4,20|0,00|0,00|0,00|0,00|0,00|0,00|0,00|
|C110|4||
|C190|090|6102|0,00|60,00|0,00|0,00|0,00|0,00|0,00|0,00||
|C100|1|0|CLI000000363|55|08|1|559|27151208760491000180550010000005591982400103|12122015|12122015|101,20|2|0,00|0,00|101,20|9|0,00|0,00|0,00|101,20|12,14|0,00|0,00|0,00|0,00|0,00|0,00|0,00|
|C110|4||
|C190|090|6102|0,00|101,20|0,00|0,00|0,00|0,00|0,00|0,00||
|C100|1|0|CLI000000364|55|08|1|563|27151208760491000180550010000005631291306408|16122015|16122015|819,28|2|0,00|0,00|819,28|9|0,00|0,00|0,00|819,28|98,31|0,00|0,00|0,00|0,00|0,00|0,00|0,00|
|C110|4||
|C190|090|6102|0,00|819,28|0,00|0,00|0,00|0,00|0,00|0,00||
|C100|1|0|CLI000000365|55|08|1|564|27151208760491000180550010000005641080000004|21122015|21122015|833,00|2|0,00|0,00|833,00|9|0,00|0,00|0,00|833,00|141,61|0,00|0,00|0,00|0,00|0,00|0,00|0,00|
|C110|4||
|C190|090|5102|0,00|833,00|0,00|0,00|0,00|0,00|0,00|0,00||
|C100|1|0|CLI000000366|55|08|1|569|27151208760491000180550010000005691003900000|26122015|26122015|1110,56|2|0,00|0,00|1110,56|9|0,00|0,00|0,00|1110,56|188,80|0,00|0,00|0,00|0,00|0,00|0,00|0,00|
|C110|4||
|C190|090|5102|0,00|1110,56|0,00|0,00|0,00|0,00|0,00|0,00||
|C100|1|0|CLI000000367|55|08|1|568|27151208760491000180550010000005681000005003|26122015|26122015|0,00|0|0,00|0,00|0,00|9|0,00|0,00|0,00|0,00|0,00|0,00|0,00|0,00|0,00|0,00|0,00|0,00|
|C110|4||
|C190|000|5929|0,00|0,00|0,00|0,00|0,00|0,00|0,00|0,00||
|C100|1|0|CLI000000368|55|00|1|572|27151208760491000180550010000005721470004499|29122015|29122015|669,90|2|0,00|0,00|669,90|9|0,00|0,00|0,00|669,00|113,73|0,00|0,00|0,00|0,00|0,00|0,00|0,00|
|C110|6||
|C190|000|5102|17,00|629,90|629,00|106,93|0,00|0,00|0,00|0,00||
|C190|060|5102|0,00|40,00|0,00|0,00|0,00|0,00|0,00|0,00||
|C100|1|0|CLI000000369|55|00|1|571|27151208760491000180550010000005711004500004|29122015|29122015|3884,10|2|0,00|0,00|3884,10|9|0,00|0,00|0,00|3884,10|660,30|0,00|0,00|0,00|0,00|0,00|0,00|0,00|
|C110|6||
|C190|000|5102|17,00|3884,10|3884,10|660,30|0,00|0,00|0,00|0,00||
|C350|D|1|6864|01122015|00000000000000|355,30|355,30|0,00|0,00|0,00|408|
|C350|D|1|6865|01122015|00000000000000|182,60|182,60|0,00|0,00|0,00|408|
|C350|D|1|6866|01122015|00000000000000|93,50|93,50|0,00|0,00|0,00|408|
|C350|D|1|6867|01122015|00000000000000|211,20|211,20|0,00|0,00|0,00|408|
|C350|D|1|6868|01122015|00000000000000|431,00|431,00|0,00|0,00|0,00|408|
|C350|D|1|6869|02122015|00000000000000|177,00|177,00|0,00|0,00|0,00|408|
|C350|D|1|6870|02122015|00000000000000|360,00|360,00|0,00|0,00|0,00|408|
|C350|D|1|6873|02122015|00000000000000|180,00|180,00|0,00|0,00|0,00|408|
|C350|D|1|6874|02122015|00000000000000|180,00|180,00|0,00|0,00|0,00|408|
|C350|D|1|6875|03122015|00000000000000|169,40|169,40|0,00|0,00|0,00|408|
|C350|D|1|6876|03122015|00000000000000|128,70|128,70|0,00|0,00|0,00|408|
|C350|D|1|6877|03122015|00000000000000|289,30|289,30|0,00|0,00|0,00|408|
|C350|D|1|6878|03122015|00000000000000|129,58|129,58|0,00|0,00|0,00|408|
|C350|D|1|6879|04122015|00000000000000|438,60|438,60|0,00|0,00|0,00|408|
|C350|D|1|6880|04122015|00000000000000|156,06|156,06|0,00|0,00|0,00|408|
|C350|D|1|6881|04122015|00000000000000|600,00|600,00|0,00|0,00|0,00|408|
|C350|D|1|6883|07122015|00000000000000|253,38|253,38|0,00|0,00|0,00|408|
|C350|D|1|6884|07122015|00000000000000|86,80|86,80|0,00|0,00|0,00|408|
|C350|D|1|6885|07122015|00000000000000|86,90|86,90|0,00|0,00|0,00|408|
|C350|D|1|6886|07122015|00000000000000|64,00|64,00|0,00|0,00|0,00|408|
|C350|D|1|6887|07122015|00000000000000|700,70|700,70|0,00|0,00|0,00|408|
|C350|D|1|6888|09122015|00000000000000|69,30|69,30|0,00|0,00|0,00|408|
|C350|D|1|6889|09122015|00000000000000|90,00|90,00|0,00|0,00|0,00|408|
|C350|D|1|6890|09122015|00000000000000|227,48|227,48|0,00|0,00|0,00|408|
|C350|D|1|6891|09122015|00000000000000|308,00|308,00|0,00|0,00|0,00|408|
|C350|D|1|6892|09122015|00000000000000|96,80|96,80|0,00|0,00|0,00|408|
|C350|D|1|6893|09122015|00000000000000|97,90|97,90|0,00|0,00|0,00|408|
|C350|D|1|6895|09122015|00000000000000|712,80|712,80|0,00|0,00|0,00|408|
|C350|D|1|6896|09122015|00000000000000|180,40|180,40|0,00|0,00|0,00|408|
|C350|D|1|6897|09122015|00000000000000|396,00|396,00|0,00|0,00|0,00|408|
|C350|D|1|6898|09122015|00000000000000|86,00|86,00|0,00|0,00|0,00|408|
|C350|D|1|6899|11122015|00000000000000|540,10|540,10|0,00|0,00|0,00|408|
|C350|D|1|6900|11122015|00000000000000|266,20|266,20|0,00|0,00|0,00|408|
|C350|D|1|6901|11122015|00000000000000|235,40|235,40|0,00|0,00|0,00|408|
|C350|D|1|6902|12122015|00000000000000|173,80|173,80|0,00|0,00|0,00|408|
|C350|D|1|6903|12122015|00000000000000|74,00|74,00|0,00|0,00|0,00|408|
|C350|D|1|6904|14122015|00000000000000|56,00|56,00|0,00|0,00|0,00|408|
|C350|D|1|6905|14122015|00000000000000|173,80|173,80|0,00|0,00|0,00|408|
|C350|D|1|6906|14122015|00000000000000|265,10|265,10|0,00|0,00|0,00|408|
|C350|D|1|6907|15122015|00000000000000|378,40|378,40|0,00|0,00|0,00|408|
|C350|D|1|6908|15122015|00000000000000|1388,86|1388,86|0,00|0,00|0,00|408|
|C350|D|1|6909|16122015|00000000000000|107,80|107,80|0,00|0,00|0,00|408|
|C350|D|1|6910|16122015|00000000000000|75,90|75,90|0,00|0,00|0,00|408|
|C350|D|1|6911|16122015|00000000000000|613,36|613,36|0,00|0,00|0,00|408|
|C350|D|1|6912|16122015|00000000000000|244,20|244,20|0,00|0,00|0,00|408|
|C350|D|1|6913|16122015|00000000000000|813,78|813,78|0,00|0,00|0,00|408|
|C350|D|1|6914|17122015|00000000000000|86,90|86,90|0,00|0,00|0,00|408|
|C350|D|1|6915|17122015|00000000000000|234,30|234,30|0,00|0,00|0,00|408|
|C350|D|1|6916|17122015|00000000000000|679,14|679,14|0,00|0,00|0,00|408|
|C350|D|1|6917|18122015|00000000000000|50,00|50,00|0,00|0,00|0,00|408|
|C350|D|1|6918|18122015|00000000000000|235,40|235,40|0,00|0,00|0,00|408|
|C350|D|1|6919|18122015|00000000000000|386,00|386,00|0,00|0,00|0,00|408|
|C350|D|1|6920|18122015|00000000000000|403,26|403,26|0,00|0,00|0,00|408|
|C350|D|1|6921|18122015|00000000000000|422,40|422,40|0,00|0,00|0,00|408|
|C350|D|1|6922|18122015|00000000000000|621,28|621,28|0,00|0,00|0,00|408|
|C350|D|1|6923|18122015|00000000000000|423,48|423,48|0,00|0,00|0,00|408|
|C350|D|1|6924|18122015|00000000000000|156,20|156,20|0,00|0,00|0,00|408|
|C350|D|1|6925|18122015|00000000000000|648,00|648,00|0,00|0,00|0,00|408|
|C350|D|1|6926|21122015|00000000000000|474,00|474,00|0,00|0,00|0,00|408|
|C350|D|1|6927|21122015|00000000000000|474,00|474,00|0,00|0,00|0,00|408|
|C350|D|1|6928|21122015|00000000000000|705,10|705,10|0,00|0,00|0,00|408|
|C350|D|1|6929|26122015|00000000000000|305,80|305,80|0,00|0,00|0,00|408|
|C350|D|1|6930|28122015|00000000000000|530,20|530,20|0,00|0,00|0,00|408|
|C350|D|1|6931|28122015|00000000000000|275,00|275,00|0,00|0,00|0,00|408|
|C350|D|1|6932|30122015|00000000000000|300,00|300,00|0,00|0,00|0,00|408|
|C990|807|
|D001|1|
|D990|2|
|E001|0|
|E100|01122015|31122015|
|E110|5711,37|0,00|0,00|0,00|15375,80|0,00|0,00|0,00|0,00|0,00|0,00|0,00|9664,43|0,00|
|E990|4|
|G001|1|
|G990|2|
|H001|1|
|H990|2|
|1001|0|
|1010|N|N|N|N|N|N|N|N|N|
|1990|3|
|9001|0|
|9900|0000|1|
|9900|0001|1|
|9900|0005|1|
|9900|0100|1|
|9900|0150|42|
|9900|0190|14|
|9900|0200|238|
|9900|0220|35|
|9900|0400|3|
|9900|0450|6|
|9900|0460|10|
|9900|0990|1|
|9900|C001|1|
|9900|C100|89|
|9900|C110|24|
|9900|C170|489|
|9900|C173|2|
|9900|C190|126|
|9900|C195|10|
|9900|C350|65|
|9900|C990|1|
|9900|D001|1|
|9900|D990|1|
|9900|E001|1|
|9900|E100|1|
|9900|E110|1|
|9900|E990|1|
|9900|G001|1|
|9900|G990|1|
|9900|H001|1|
|9900|H990|1|
|9900|1001|1|
|9900|1010|1|
|9900|1990|1|
|9900|9001|1|
|9900|9990|1|
|9900|9999|1|
|9900|9900|38|
|9990|41|
|9999|1214|
